timestamp,order_placed_bid,timestamp_execution_bid,order_quantity_bid,price_bid,order_placed_ask,timestamp_execution_ask,order_quantity_ask,price_ask
2022-03-27 10:30:00.020911,,,20.533,44564.4,,,0.201,44564.5
2022-03-27 10:30:00.060140,0.4999999999999972,2022-03-27 10:30:06.945889,21.022,44564.4,0.0020000000000000018,2022-03-27 10:30:02.123529,0.203,44564.5
2022-03-27 10:30:00.092865,,,21.022,44564.4,,,0.203,44564.5
2022-03-27 10:30:00.125876,,,21.022,44564.4,,,0.203,44564.5
2022-03-27 10:30:00.159058,,,21.022,44564.4,,,0.203,44564.5
2022-03-27 10:30:00.191313,0.0010000000000012221,2022-03-27 10:30:06.945889,21.023,44564.4,,,0.202,44564.5
2022-03-27 10:30:00.222505,0.03300000000000125,2022-03-27 10:30:06.945889,21.056,44564.4,,,0.202,44564.5
2022-03-27 10:30:00.260023,,,20.812,44564.4,,,0.112,44564.5
2022-03-27 10:30:00.293291,0.3039999999999985,2022-03-27 10:30:06.945889,21.116,44564.4,,,0.112,44564.5
2022-03-27 10:30:00.328610,,,21.013,44564.4,,,0.112,44564.5
2022-03-27 10:30:00.361080,0.3999999999999986,2022-03-27 10:30:06.945889,21.413,44564.4,,,0.112,44564.5
2022-03-27 10:30:00.392812,,,21.413,44564.4,,,0.112,44564.5
2022-03-27 10:30:00.426020,0.20700000000000074,2022-03-27 10:30:06.945889,21.62,44564.4,,,0.112,44564.5
2022-03-27 10:30:00.458565,,,21.62,44564.4,,,0.112,44564.5
2022-03-27 10:30:00.490906,,,21.62,44564.4,0.0040000000000000036,2022-03-27 10:30:02.158471,0.116,44564.5
2022-03-27 10:30:00.524481,,,21.62,44564.4,0.0010000000000000009,2022-03-27 10:30:02.158471,0.117,44564.5
2022-03-27 10:30:00.559457,,,21.62,44564.4,,,0.117,44564.5
2022-03-27 10:30:00.594055,,,21.62,44564.4,0.001999999999999988,2022-03-27 10:30:02.328900,0.119,44564.5
2022-03-27 10:30:00.626619,,,21.62,44564.4,,,0.119,44564.5
2022-03-27 10:30:00.658465,,,21.62,44564.4,,,0.119,44564.5
2022-03-27 10:30:00.694514,,,21.62,44564.4,,,0.119,44564.5
2022-03-27 10:30:00.728482,,,21.62,44564.4,,,0.119,44564.5
2022-03-27 10:30:00.761818,,,21.62,44564.4,,,0.119,44564.5
2022-03-27 10:30:00.797018,,,21.62,44564.4,,,0.119,44564.5
2022-03-27 10:30:00.830106,,,21.62,44564.4,0.0020000000000000018,2022-03-27 10:30:02.328900,0.121,44564.5
2022-03-27 10:30:00.863631,,,21.62,44564.4,0.0020000000000000018,2022-03-27 10:30:02.328900,0.123,44564.5
2022-03-27 10:30:00.896234,,,21.62,44564.4,,,0.123,44564.5
2022-03-27 10:30:00.930453,,,21.62,44564.4,0.0030000000000000027,2022-03-27 10:30:02.328900,0.126,44564.5
2022-03-27 10:30:00.963344,,,21.62,44564.4,0.0030000000000000027,2022-03-27 10:30:02.328900,0.129,44564.5
2022-03-27 10:30:01.000109,,,21.62,44564.4,,,0.129,44564.5
2022-03-27 10:30:01.032095,,,21.62,44564.4,,,0.129,44564.5
2022-03-27 10:30:01.068502,,,21.62,44564.4,,,0.125,44564.5
2022-03-27 10:30:01.101535,,,21.618,44564.4,,,0.125,44564.5
2022-03-27 10:30:01.152973,,,21.618,44564.4,,,0.125,44564.5
2022-03-27 10:30:01.167828,,,21.618,44564.4,,,0.125,44564.5
2022-03-27 10:30:01.204233,0.40000000000000213,2022-03-27 10:30:06.945889,22.018,44564.4,,,0.119,44564.5
2022-03-27 10:30:01.237013,0.003999999999997783,2022-03-27 10:30:06.945889,22.022,44564.4,,,0.119,44564.5
2022-03-27 10:30:01.275465,0.005000000000002558,2022-03-27 10:30:06.945889,22.027,44564.4,,,0.119,44564.5
2022-03-27 10:30:01.302437,0.02499999999999858,2022-03-27 10:30:06.945889,22.052,44564.4,0.0050000000000000044,2022-03-27 10:30:02.877455,0.124,44564.5
2022-03-27 10:30:01.336566,0.39099999999999935,2022-03-27 10:30:06.945889,22.441,44564.4,,,0.124,44564.5
2022-03-27 10:30:01.372109,,,22.426,44564.4,,,0.122,44564.5
2022-03-27 10:30:01.405455,,,22.426,44564.4,0.007000000000000006,2022-03-27 10:30:02.877455,0.129,44564.5
2022-03-27 10:30:01.442090,,,22.426,44564.4,,,0.129,44564.5
2022-03-27 10:30:01.474913,,,22.426,44564.4,0.0049999999999999906,2022-03-27 10:30:02.877455,0.052,44564.5
2022-03-27 10:30:01.506484,,,22.426,44564.4,,,0.052,44564.5
2022-03-27 10:30:01.538569,,,22.426,44564.4,0.0010000000000000009,2022-03-27 10:30:02.877455,0.053,44564.5
2022-03-27 10:30:01.574088,0.0070000000000014495,2022-03-27 10:30:06.945889,22.433,44564.4,,,0.053,44564.5
2022-03-27 10:30:01.607773,,,22.433,44564.4,,,0.053,44564.5
2022-03-27 10:30:01.643827,1.8457457784393227e-15,2022-03-27 10:30:06.945889,22.388,44564.4,,,0.053,44564.5
2022-03-27 10:30:01.676084,,,22.388,44564.4,,,0.053,44564.5
2022-03-27 10:30:01.711179,,,22.388,44564.4,,,0.053,44564.5
2022-03-27 10:30:01.749974,,,22.388,44564.4,,,0.053,44564.5
2022-03-27 10:30:01.790118,,,22.388,44564.4,,,0.053,44564.5
2022-03-27 10:30:01.816186,,,22.388,44564.4,,,0.053,44564.5
2022-03-27 10:30:01.849666,,,22.388,44564.4,,,0.053,44564.5
2022-03-27 10:30:01.881657,,,22.388,44564.4,0.005999999999999998,2022-03-27 10:30:02.877455,0.059,44564.5
2022-03-27 10:30:01.914077,,,22.388,44564.4,,,0.059,44564.5
2022-03-27 10:30:01.946734,,,22.388,44564.4,,,0.059,44564.5
2022-03-27 10:30:01.989689,,,22.388,44564.4,,,0.059,44564.5
2022-03-27 10:30:02.021543,,,22.149,44564.4,0.0040000000000000036,2022-03-27 10:30:02.877455,0.063,44564.5
2022-03-27 10:30:02.055256,,,22.149,44564.4,0.0030000000000000027,2022-03-27 10:30:02.877455,0.066,44564.5
2022-03-27 10:30:02.087885,,,22.149,44564.4,,,0.066,44564.5
2022-03-27 10:30:02.123529,,,22.149,44564.4,,,0.045,44564.5
2022-03-27 10:30:02.158471,,,22.149,44564.4,,,0.043,44564.5
2022-03-27 10:30:02.193636,,,22.149,44564.4,6.071532165918825e-18,2022-03-27 10:30:02.877455,0.042,44564.5
2022-03-27 10:30:02.225727,,,22.149,44564.4,,,0.042,44564.5
2022-03-27 10:30:02.259331,0.0019999999999988916,2022-03-27 10:30:06.945889,22.151,44564.4,,,0.042,44564.5
2022-03-27 10:30:02.294939,0.007999999999999119,2022-03-27 10:30:06.945889,22.159,44564.4,,,0.042,44564.5
2022-03-27 10:30:02.328900,,,22.159,44564.4,,,0.031,44564.5
2022-03-27 10:30:02.362931,,,22.159,44564.4,0.0040000000000000036,2022-03-27 10:30:02.877455,0.035,44564.5
2022-03-27 10:30:02.396960,,,22.159,44564.4,,,0.035,44564.5
2022-03-27 10:30:02.428561,,,21.85,44564.4,,,0.035,44564.5
2022-03-27 10:30:02.460424,,,18.198,44564.4,0.03899999999999999,2022-03-27 10:30:02.877455,0.074,44564.5
2022-03-27 10:30:02.496047,,,18.188,44564.4,,,0.074,44564.5
2022-03-27 10:30:02.530663,,,18.188,44564.4,0.008000000000000007,2022-03-27 10:30:02.877455,0.082,44564.5
2022-03-27 10:30:02.565103,,,18.188,44564.4,,,0.082,44564.5
2022-03-27 10:30:02.601280,,,18.05,44564.4,,,0.082,44564.5
2022-03-27 10:30:02.636569,,,17.85,44564.4,,,0.082,44564.5
2022-03-27 10:30:02.672331,,,17.85,44564.4,,,0.082,44564.5
2022-03-27 10:30:02.706648,,,17.85,44564.4,,,0.082,44564.5
2022-03-27 10:30:02.742954,,,17.85,44564.4,,,0.082,44564.5
2022-03-27 10:30:02.775715,,,14.871,44564.4,0.05700000000000001,2022-03-27 10:30:04.673223,0.139,44564.5
2022-03-27 10:30:02.808471,2.7209999999999983,2022-03-27 10:30:06.945889,17.592,44564.4,,,0.049,44564.5
2022-03-27 10:30:02.841831,,,17.592,44564.4,,,0.048,44564.5
2022-03-27 10:30:02.877455,0.04100000000000037,2022-03-27 10:30:06.945889,17.633,44564.4,,,0.048,44564.5
2022-03-27 10:30:02.913639,,,15.785,44564.4,,,0.048,44564.5
2022-03-27 10:30:02.947034,,,15.785,44564.4,0.0010000000000000009,2022-03-27 10:30:03.522586,0.049,44564.5
2022-03-27 10:30:02.980575,6.539907504432563e-16,2022-03-27 10:30:06.945889,15.771,44564.4,,,0.049,44564.5
2022-03-27 10:30:03.015002,,,15.73,44564.4,,,0.049,44564.5
2022-03-27 10:30:03.047624,,,15.73,44564.4,0.013999999999999999,2022-03-27 10:30:03.522586,0.063,44564.5
2022-03-27 10:30:03.080565,,,15.73,44564.4,,,0.063,44564.5
2022-03-27 10:30:03.117564,,,15.73,44564.4,0.0020000000000000018,2022-03-27 10:30:03.522586,0.065,44564.5
2022-03-27 10:30:03.149847,,,15.73,44564.4,,,0.065,44564.5
2022-03-27 10:30:03.187555,,,14.258,44564.4,0.11399999999999999,2022-03-27 10:30:06.882009,0.179,44564.5
2022-03-27 10:30:03.219968,0.002000000000000668,2022-03-27 10:30:06.945889,14.26,44564.4,,,0.065,44564.5
2022-03-27 10:30:03.252596,0.008999999999999673,2022-03-27 10:30:06.945889,14.267,44564.4,,,0.065,44564.5
2022-03-27 10:30:03.285620,,,14.267,44564.4,,,0.065,44564.5
2022-03-27 10:30:03.320930,0.002000000000000668,2022-03-27 10:30:06.945889,14.269,44564.4,0.010999999999999996,2022-03-27 10:30:06.609988,0.076,44564.5
2022-03-27 10:30:03.353723,0.391,2022-03-27 10:30:06.945889,14.66,44564.4,,,0.076,44564.5
2022-03-27 10:30:03.385477,,,14.655,44564.4,0.008000000000000007,2022-03-27 10:30:06.882009,0.084,44564.5
2022-03-27 10:30:03.420090,,,14.655,44564.4,,,0.084,44564.5
2022-03-27 10:30:03.454635,0.29100000000000037,2022-03-27 10:30:06.945889,14.946,44564.4,,,0.084,44564.5
2022-03-27 10:30:03.489055,,,14.946,44564.4,,,0.084,44564.5
2022-03-27 10:30:03.522586,0.034000000000000696,2022-03-27 10:30:06.945889,14.98,44564.4,,,0.083,44564.5
2022-03-27 10:30:03.555030,0.006999999999999673,2022-03-27 10:30:06.945889,14.987,44564.4,0.002999999999999989,2022-03-27 10:30:06.882009,0.086,44564.5
2022-03-27 10:30:03.591854,,,14.987,44564.4,0.0030000000000000027,2022-03-27 10:30:06.882009,0.089,44564.5
2022-03-27 10:30:03.627004,,,14.987,44564.4,,,0.089,44564.5
2022-03-27 10:30:03.659793,,,14.987,44564.4,,,0.089,44564.5
2022-03-27 10:30:03.692727,,,14.987,44564.4,0.0020000000000000018,2022-03-27 10:30:06.882009,0.091,44564.5
2022-03-27 10:30:03.726836,,,14.987,44564.4,,,0.091,44564.5
2022-03-27 10:30:03.758575,,,14.987,44564.4,0.0030000000000000027,2022-03-27 10:30:06.882009,0.094,44564.5
2022-03-27 10:30:03.791535,,,14.987,44564.4,,,0.094,44564.5
2022-03-27 10:30:03.824440,,,14.987,44564.4,0.0020000000000000018,2022-03-27 10:30:06.882009,0.096,44564.5
2022-03-27 10:30:03.860740,,,14.987,44564.4,,,0.096,44564.5
2022-03-27 10:30:03.892454,,,14.987,44564.4,,,0.096,44564.5
2022-03-27 10:30:03.924717,,,14.987,44564.4,,,0.096,44564.5
2022-03-27 10:30:03.956850,,,14.987,44564.4,,,0.096,44564.5
2022-03-27 10:30:03.990814,,,14.987,44564.4,,,0.096,44564.5
2022-03-27 10:30:04.024806,,,14.987,44564.4,0.0020000000000000018,2022-03-27 10:30:06.882009,0.098,44564.5
2022-03-27 10:30:04.057820,,,14.987,44564.4,,,0.098,44564.5
2022-03-27 10:30:04.089639,,,14.987,44564.4,,,0.098,44564.5
2022-03-27 10:30:04.123035,1.9999999999999982,2022-03-27 10:30:06.945889,16.987,44564.4,0.0059999999999999915,2022-03-27 10:30:06.882009,0.104,44564.5
2022-03-27 10:30:04.158448,0.20000000000000284,2022-03-27 10:30:06.945889,17.187,44564.4,,,0.104,44564.5
2022-03-27 10:30:04.189582,,,17.187,44564.4,0.0020000000000000018,2022-03-27 10:30:06.882009,0.106,44564.5
2022-03-27 10:30:04.223715,,,17.187,44564.4,,,0.106,44564.5
2022-03-27 10:30:04.256737,,,17.187,44564.4,,,0.106,44564.5
2022-03-27 10:30:04.289872,,,17.187,44564.4,0.0020000000000000018,2022-03-27 10:30:06.882009,0.108,44564.5
2022-03-27 10:30:04.321699,,,17.187,44564.4,,,0.108,44564.5
2022-03-27 10:30:04.356623,3.122502256758253e-16,2022-03-27 10:30:06.945889,17.164,44564.4,0.006000000000000005,2022-03-27 10:30:06.882009,0.114,44564.5
2022-03-27 10:30:04.390146,,,17.164,44564.4,0.0030000000000000027,2022-03-27 10:30:06.882009,0.117,44564.5
2022-03-27 10:30:04.425682,,,17.164,44564.4,,,0.117,44564.5
2022-03-27 10:30:04.459744,,,17.164,44564.4,0.00399999999999999,2022-03-27 10:30:06.882009,0.121,44564.5
2022-03-27 10:30:04.491515,,,17.164,44564.4,,,0.121,44564.5
2022-03-27 10:30:04.537814,,,17.164,44564.4,0.0010000000000000009,2022-03-27 10:30:06.882009,0.122,44564.5
2022-03-27 10:30:04.568843,,,17.164,44564.4,,,0.119,44564.5
2022-03-27 10:30:04.601726,,,14.09,44564.4,0.037000000000000005,2022-03-27 10:30:06.882009,0.156,44564.5
2022-03-27 10:30:04.634563,,,14.041,44564.4,,,0.155,44564.5
2022-03-27 10:30:04.673223,0.02800000000000047,2022-03-27 10:30:06.945889,14.069,44564.4,,,0.116,44564.5
2022-03-27 10:30:04.705865,,,14.069,44564.4,,,0.116,44564.5
2022-03-27 10:30:04.738485,,,14.069,44564.4,0.00399999999999999,2022-03-27 10:30:06.882009,0.12,44564.5
2022-03-27 10:30:04.770266,,,14.069,44564.4,,,0.12,44564.5
2022-03-27 10:30:04.803379,,,14.069,44564.4,,,0.12,44564.5
2022-03-27 10:30:04.835476,,,14.059,44564.4,,,0.12,44564.5
2022-03-27 10:30:04.867647,,,14.059,44564.4,,,0.12,44564.5
2022-03-27 10:30:04.899530,0.19999999999999984,2022-03-27 10:30:06.945889,14.258,44564.4,0.0020000000000000018,2022-03-27 10:30:06.882009,0.122,44564.5
2022-03-27 10:30:04.931407,,,14.258,44564.4,0.007000000000000006,2022-03-27 10:30:06.882009,0.129,44564.5
2022-03-27 10:30:04.966528,,,14.258,44564.4,0.0010000000000000009,2022-03-27 10:30:06.882009,0.13,44564.5
2022-03-27 10:30:05.000992,,,14.258,44564.4,,,0.13,44564.5
2022-03-27 10:30:05.034091,,,14.258,44564.4,,,0.13,44564.5
2022-03-27 10:30:05.065471,,,14.258,44564.4,,,0.13,44564.5
2022-03-27 10:30:05.098443,,,14.258,44564.4,,,0.13,44564.5
2022-03-27 10:30:05.145903,,,14.258,44564.4,,,0.13,44564.5
2022-03-27 10:30:05.168627,,,13.775,44564.4,,,0.13,44564.5
2022-03-27 10:30:05.203398,0.48299999999999876,2022-03-27 10:30:06.945889,14.258,44564.4,,,0.13,44564.5
2022-03-27 10:30:05.239480,,,14.258,44564.4,0.0030000000000000027,2022-03-27 10:30:06.882009,0.133,44564.5
2022-03-27 10:30:05.272805,,,13.168,44564.4,0.0030000000000000027,2022-03-27 10:30:06.882009,0.136,44564.5
2022-03-27 10:30:05.304725,,,13.168,44564.4,,,0.136,44564.5
2022-03-27 10:30:05.342633,1.4810000000000003,2022-03-27 10:30:06.945889,14.648,44564.4,0.0020000000000000018,2022-03-27 10:30:06.882009,0.138,44564.5
2022-03-27 10:30:05.380996,,,14.648,44564.4,0.003999999999999976,2022-03-27 10:30:06.882009,0.142,44564.5
2022-03-27 10:30:05.412735,,,14.642,44564.4,,,0.142,44564.5
2022-03-27 10:30:05.444632,,,14.642,44564.4,,,0.142,44564.5
2022-03-27 10:30:05.479774,,,14.642,44564.4,,,0.142,44564.5
2022-03-27 10:30:05.515653,,,14.552,44564.4,,,0.142,44564.5
2022-03-27 10:30:05.547533,,,14.552,44564.4,,,0.142,44564.5
2022-03-27 10:30:05.584241,,,14.552,44564.4,,,0.142,44564.5
2022-03-27 10:30:05.616490,,,14.552,44564.4,,,0.142,44564.5
2022-03-27 10:30:05.655282,5.542441505745899e-16,2022-03-27 10:30:06.945889,14.551,44564.4,0.0020000000000000018,2022-03-27 10:30:06.882009,0.144,44564.5
2022-03-27 10:30:05.687475,,,14.467,44564.4,,,0.144,44564.5
2022-03-27 10:30:05.722227,,,14.467,44564.4,,,0.144,44564.5
2022-03-27 10:30:05.755558,,,14.467,44564.4,,,0.144,44564.5
2022-03-27 10:30:05.790129,,,14.467,44564.4,,,0.144,44564.5
2022-03-27 10:30:05.825697,0.03399999999999892,2022-03-27 10:30:06.945889,14.501,44564.4,,,0.143,44564.5
2022-03-27 10:30:05.861818,,,14.501,44564.4,,,0.143,44564.5
2022-03-27 10:30:05.893455,,,14.501,44564.4,,,0.143,44564.5
2022-03-27 10:30:05.925717,,,14.501,44564.4,,,0.143,44564.5
2022-03-27 10:30:05.962620,,,14.501,44564.4,0.0010000000000000009,2022-03-27 10:30:06.882009,0.144,44564.5
2022-03-27 10:30:05.995773,,,14.501,44564.4,,,0.144,44564.5
2022-03-27 10:30:06.029943,,,14.501,44564.4,,,0.144,44564.5
2022-03-27 10:30:06.063764,4.440892098500626e-16,2022-03-27 10:30:06.945889,14.372,44564.4,,,0.144,44564.5
2022-03-27 10:30:06.103192,,,13.768,44564.4,,,0.144,44564.5
2022-03-27 10:30:06.139385,,,13.768,44564.4,,,0.144,44564.5
2022-03-27 10:30:06.167923,,,13.768,44564.4,,,0.144,44564.5
2022-03-27 10:30:06.200098,,,13.581,44564.4,0.008000000000000007,2022-03-27 10:30:06.882009,0.152,44564.5
2022-03-27 10:30:06.233125,6.539907504432563e-16,2022-03-27 10:30:06.945889,13.567,44564.4,,,0.152,44564.5
2022-03-27 10:30:06.268957,,,13.533,44564.4,,,0.152,44564.5
2022-03-27 10:30:06.301784,,,13.533,44564.4,,,0.152,44564.5
2022-03-27 10:30:06.333426,,,13.533,44564.4,,,0.152,44564.5
2022-03-27 10:30:06.369519,,,13.533,44564.4,,,0.152,44564.5
2022-03-27 10:30:06.409067,,,13.526,44564.4,0.015000000000000013,2022-03-27 10:30:06.882009,0.167,44564.5
2022-03-27 10:30:06.441919,,,13.526,44564.4,,,0.167,44564.5
2022-03-27 10:30:06.478115,,,13.526,44564.4,,,0.167,44564.5
2022-03-27 10:30:06.509567,,,13.526,44564.4,,,0.167,44564.5
2022-03-27 10:30:06.543748,,,13.526,44564.4,,,0.167,44564.5
2022-03-27 10:30:06.575587,,,13.526,44564.4,,,0.167,44564.5
2022-03-27 10:30:06.609988,0.5340000000000007,2022-03-27 10:30:06.945889,14.06,44564.4,,,0.133,44564.5
2022-03-27 10:30:06.644008,,,14.06,44564.4,,,0.133,44564.5
2022-03-27 10:30:06.676637,,,14.06,44564.4,,,0.133,44564.5
2022-03-27 10:30:06.710803,,,14.06,44564.4,,,0.133,44564.5
2022-03-27 10:30:06.745778,,,14.06,44564.4,,,0.133,44564.5
2022-03-27 10:30:06.778575,,,14.06,44564.4,,,0.133,44564.5
2022-03-27 10:30:06.812835,,,14.06,44564.4,,,0.133,44564.5
2022-03-27 10:30:06.848399,0.28800000000000026,2022-03-27 10:30:13.587929,14.348,44564.4,0.0010000000000000009,2022-03-27 10:30:06.978300,0.134,44564.5
2022-03-27 10:30:06.882009,,,0.48,44567.3,0.297,2022-03-27 10:30:06.978300,0.005,44567.4
2022-03-27 10:30:06.914154,2.302,2022-03-27 10:30:08.975479,2.782,44567.3,4.19,2022-03-27 10:30:07.264780,4.195,44567.4
2022-03-27 10:30:06.945889,,,1.777,44567.3,4.289999999999999,2022-03-27 10:30:10.737830,8.485,44567.4
2022-03-27 10:30:06.978300,,,1.612,44567.3,,,5.347,44567.4
2022-03-27 10:30:07.010606,0.08699999999999997,2022-03-27 10:30:08.975479,1.699,44567.3,,,5.347,44567.4
2022-03-27 10:30:07.048017,,,1.547,44567.3,3.586999999999999,2022-03-27 10:30:11.206330,8.793,44567.4
2022-03-27 10:30:07.081498,,,1.203,44567.3,0.07699999999999996,2022-03-27 10:30:11.206330,8.87,44567.4
2022-03-27 10:30:07.120339,1.9559999999999997,2022-03-27 10:30:09.484668,3.159,44567.3,0.7210000000000001,2022-03-27 10:30:11.206330,9.591,44567.4
2022-03-27 10:30:07.154517,,,3.159,44567.3,,,9.591,44567.4
2022-03-27 10:30:07.192630,,,2.972,44567.3,,,9.39,44567.4
2022-03-27 10:30:07.228850,,,2.792,44567.3,,,8.962,44567.4
2022-03-27 10:30:07.264780,0.002000000000000224,2022-03-27 10:30:09.484668,2.794,44567.3,0.40399999999999997,2022-03-27 10:30:11.206330,8.914,44567.4
2022-03-27 10:30:07.302748,,,2.794,44567.3,,,8.914,44567.4
2022-03-27 10:30:07.336933,0.10099999999999998,2022-03-27 10:30:09.484668,2.895,44567.3,1.200000000000001,2022-03-27 10:30:11.506736,10.114,44567.4
2022-03-27 10:30:07.370590,,,2.808,44567.3,,,10.114,44567.4
2022-03-27 10:30:07.404726,0.037000000000000366,2022-03-27 10:30:09.484668,2.845,44567.3,,,10.114,44567.4
2022-03-27 10:30:07.442528,0.09799999999999986,2022-03-27 10:30:09.484668,2.943,44567.3,,,10.114,44567.4
2022-03-27 10:30:07.481860,,,2.943,44567.3,,,10.114,44567.4
2022-03-27 10:30:07.518984,,,2.943,44567.3,,,10.114,44567.4
2022-03-27 10:30:07.551701,,,2.943,44567.3,,,10.114,44567.4
2022-03-27 10:30:07.587855,,,2.943,44567.3,,,10.114,44567.4
2022-03-27 10:30:07.620059,,,2.943,44567.3,0.0019999999999988916,2022-03-27 10:30:11.506736,10.116,44567.4
2022-03-27 10:30:07.651687,,,2.943,44567.3,0.0039999999999995595,2022-03-27 10:30:11.506736,10.12,44567.4
2022-03-27 10:30:07.684611,,,2.934,44567.3,,,10.12,44567.4
2022-03-27 10:30:07.723495,,,2.934,44567.3,,,10.12,44567.4
2022-03-27 10:30:07.757383,,,2.934,44567.3,,,10.12,44567.4
2022-03-27 10:30:07.790546,0.07699999999999996,2022-03-27 10:30:09.484668,3.011,44567.3,,,10.112,44567.4
2022-03-27 10:30:07.827644,,,3.011,44567.3,,,10.112,44567.4
2022-03-27 10:30:07.859679,,,2.918,44567.3,,,10.085,44567.4
2022-03-27 10:30:07.896589,,,2.918,44567.3,,,10.027,44567.4
2022-03-27 10:30:07.929916,,,2.84,44567.3,,,10.027,44567.4
2022-03-27 10:30:07.961657,0.07800000000000029,2022-03-27 10:30:09.484668,2.918,44567.3,0.07800000000000118,2022-03-27 10:30:11.506736,10.105,44567.4
2022-03-27 10:30:07.994438,,,2.886,44567.3,,,10.105,44567.4
2022-03-27 10:30:08.030940,,,2.808,44567.3,0.0039999999999995595,2022-03-27 10:30:11.506736,10.109,44567.4
2022-03-27 10:30:08.062804,0.06100000000000039,2022-03-27 10:30:09.484668,2.369,44567.3,0.18399999999999928,2022-03-27 10:30:11.506736,10.293,44567.4
2022-03-27 10:30:08.095659,0.07799999999999985,2022-03-27 10:30:09.484668,2.447,44567.3,0.0030000000000001137,2022-03-27 10:30:11.506736,10.296,44567.4
2022-03-27 10:30:08.128097,,,2.447,44567.3,,,10.296,44567.4
2022-03-27 10:30:08.160683,,,2.447,44567.3,,,10.296,44567.4
2022-03-27 10:30:08.192988,,,2.447,44567.3,0.005000000000000782,2022-03-27 10:30:11.506736,10.301,44567.4
2022-03-27 10:30:08.227077,,,2.447,44567.3,0.009999999999999787,2022-03-27 10:30:11.781059,10.311,44567.4
2022-03-27 10:30:08.258688,,,2.369,44567.3,,,10.311,44567.4
2022-03-27 10:30:08.291726,,,2.369,44567.3,,,10.311,44567.4
2022-03-27 10:30:08.324000,,,2.109,44567.3,,,10.311,44567.4
2022-03-27 10:30:08.359074,,,2.109,44567.3,8.881784197001252e-16,2022-03-27 10:30:11.781059,10.037,44567.4
2022-03-27 10:30:08.392036,0.7919999999999998,2022-03-27 10:30:09.484668,2.901,44567.3,,,10.037,44567.4
2022-03-27 10:30:08.423557,0.02100000000000035,2022-03-27 10:30:09.484668,2.922,44567.3,,,10.037,44567.4
2022-03-27 10:30:08.464831,,,2.274,44567.3,0.0019999999999988916,2022-03-27 10:30:11.781059,10.039,44567.4
2022-03-27 10:30:08.498735,,,2.274,44567.3,,,10.039,44567.4
2022-03-27 10:30:08.530480,,,2.184,44567.3,0.002000000000000668,2022-03-27 10:30:11.781059,10.041,44567.4
2022-03-27 10:30:08.563859,0.08999999999999986,2022-03-27 10:30:09.484668,2.274,44567.3,,,10.041,44567.4
2022-03-27 10:30:08.599161,,,2.274,44567.3,,,10.041,44567.4
2022-03-27 10:30:08.631673,,,2.274,44567.3,,,10.041,44567.4
2022-03-27 10:30:08.664978,0.0009999999999998899,2022-03-27 10:30:09.484668,2.275,44567.3,,,10.041,44567.4
2022-03-27 10:30:08.698441,0.002000000000000224,2022-03-27 10:30:09.484668,2.277,44567.3,,,10.041,44567.4
2022-03-27 10:30:08.730519,,,2.277,44567.3,,,10.041,44567.4
2022-03-27 10:30:08.764456,,,2.277,44567.3,,,10.041,44567.4
2022-03-27 10:30:08.797546,0.6429999999999998,2022-03-27 10:30:09.484668,2.92,44567.3,,,9.963,44567.4
2022-03-27 10:30:08.832799,,,2.92,44567.3,0.07900000000000063,2022-03-27 10:30:11.781059,10.042,44567.4
2022-03-27 10:30:08.869996,,,2.92,44567.3,,,10.042,44567.4
2022-03-27 10:30:08.903656,,,2.841,44567.3,0.0030000000000001137,2022-03-27 10:30:11.781059,10.045,44567.4
2022-03-27 10:30:08.937531,0.07899999999999974,2022-03-27 10:30:09.484668,2.92,44567.3,,,10.045,44567.4
2022-03-27 10:30:08.975479,,,2.829,44567.3,,,10.021,44567.4
2022-03-27 10:30:09.011835,,,2.829,44567.3,,,10.021,44567.4
2022-03-27 10:30:09.043920,0.19899999999999984,2022-03-27 10:30:09.484668,3.028,44567.3,,,9.23,44567.4
2022-03-27 10:30:09.075462,,,3.028,44567.3,,,9.23,44567.4
2022-03-27 10:30:09.108880,,,3.028,44567.3,,,8.755,44567.4
2022-03-27 10:30:09.145011,0.34399999999999986,2022-03-27 10:30:09.993369,3.372,44567.3,0.0009999999999994458,2022-03-27 10:30:11.781059,8.756,44567.4
2022-03-27 10:30:09.180772,,,3.309,44567.3,0.07900000000000063,2022-03-27 10:30:11.781059,8.835,44567.4
2022-03-27 10:30:09.214460,0.07899999999999974,2022-03-27 10:30:09.993369,3.388,44567.3,,,7.638,44567.4
2022-03-27 10:30:09.247689,0.0009999999999998899,2022-03-27 10:30:11.105829,3.389,44567.3,,,7.638,44567.4
2022-03-27 10:30:09.285387,,,2.921,44567.3,0.07699999999999996,2022-03-27 10:30:11.781059,7.715,44567.4
2022-03-27 10:30:09.316716,,,0.909,44567.3,,,7.715,44567.4
2022-03-27 10:30:09.352729,,,0.909,44567.3,0.6059999999999999,2022-03-27 10:30:11.781059,8.321,44567.4
2022-03-27 10:30:09.385477,,,0.909,44567.3,0.5,2022-03-27 10:30:11.781059,8.821,44567.4
2022-03-27 10:30:09.419243,,,0.819,44567.3,,,8.821,44567.4
2022-03-27 10:30:09.450661,,,0.267,44567.3,0.48200000000000015,2022-03-27 10:30:11.781059,9.263,44567.4
2022-03-27 10:30:09.484668,,,0.25,44567.3,0.5999999999999996,2022-03-27 10:30:11.781059,9.863,44567.4
2022-03-27 10:30:09.517952,,,0.22,44567.3,0.5020000000000007,2022-03-27 10:30:11.781059,10.365,44567.4
2022-03-27 10:30:09.549511,,,0.139,44567.3,,,10.365,44567.4
2022-03-27 10:30:09.581701,,,0.139,44567.3,,,10.365,44567.4
2022-03-27 10:30:09.616561,,,0.139,44567.3,,,10.365,44567.4
2022-03-27 10:30:09.649535,,,0.139,44567.3,,,10.02,44567.4
2022-03-27 10:30:09.682697,0.09,2022-03-27 10:30:09.993369,0.229,44567.3,,,10.02,44567.4
2022-03-27 10:30:09.715587,0.0069999999999999785,2022-03-27 10:30:09.993369,0.236,44567.3,,,10.02,44567.4
2022-03-27 10:30:09.751503,,,0.236,44567.3,,,10.014,44567.4
2022-03-27 10:30:09.787985,,,0.236,44567.3,,,10.014,44567.4
2022-03-27 10:30:09.825778,,,0.236,44567.3,,,10.014,44567.4
2022-03-27 10:30:09.859065,,,0.236,44567.3,,,10.014,44567.4
2022-03-27 10:30:09.892449,,,0.236,44567.3,,,9.186,44567.4
2022-03-27 10:30:09.927272,,,0.236,44567.3,0.8040000000000007,2022-03-27 10:30:12.281557,9.159,44567.4
2022-03-27 10:30:09.958784,0.344,2022-03-27 10:30:11.474349,0.58,44567.3,,,9.159,44567.4
2022-03-27 10:30:09.993369,,,0.232,44567.3,,,9.159,44567.4
2022-03-27 10:30:10.023856,,,0.228,44567.3,,,7.958,44567.4
2022-03-27 10:30:10.057614,0.0069999999999999785,2022-03-27 10:30:11.105829,0.235,44567.3,0.028000000000000233,2022-03-27 10:30:12.281557,7.972,44567.4
2022-03-27 10:30:10.090104,,,0.235,44567.3,1.201999999999999,2022-03-27 10:30:12.281557,9.174,44567.4
2022-03-27 10:30:10.123313,0.055999999999999994,2022-03-27 10:30:11.105829,0.291,44567.3,,,9.174,44567.4
2022-03-27 10:30:10.156380,,,0.291,44567.3,0.004000000000001336,2022-03-27 10:30:12.281557,9.178,44567.4
2022-03-27 10:30:10.191000,,,0.287,44567.3,,,8.875,44567.4
2022-03-27 10:30:10.222525,,,0.287,44567.3,0.0039999999999995595,2022-03-27 10:30:12.281557,8.879,44567.4
2022-03-27 10:30:10.255258,,,0.287,44567.3,,,8.879,44567.4
2022-03-27 10:30:10.286800,0.11300000000000004,2022-03-27 10:30:11.105829,0.4,44567.3,,,8.879,44567.4
2022-03-27 10:30:10.322562,,,0.4,44567.3,,,8.879,44567.4
2022-03-27 10:30:10.358800,0.0020000000000000018,2022-03-27 10:30:11.105829,0.402,44567.3,,,8.879,44567.4
2022-03-27 10:30:10.392418,,,0.402,44567.3,,,8.879,44567.4
2022-03-27 10:30:10.428798,0.03799999999999998,2022-03-27 10:30:11.105829,0.44,44567.3,0.009000000000000341,2022-03-27 10:30:12.281557,8.888,44567.4
2022-03-27 10:30:10.464539,1.935,2022-03-27 10:30:12.456380,2.375,44567.3,,,8.829,44567.4
2022-03-27 10:30:10.499476,,,2.375,44567.3,,,8.829,44567.4
2022-03-27 10:30:10.531950,,,2.375,44567.3,,,8.829,44567.4
2022-03-27 10:30:10.564857,,,2.375,44567.3,,,8.829,44567.4
2022-03-27 10:30:10.597634,1.1015494072452725e-16,2022-03-27 10:30:12.456380,2.374,44567.3,,,8.781,44567.4
2022-03-27 10:30:10.631437,0.08599999999999985,2022-03-27 10:30:12.456380,2.456,44567.3,,,8.781,44567.4
2022-03-27 10:30:10.664151,,,2.456,44567.3,,,8.781,44567.4
2022-03-27 10:30:10.702376,,,2.456,44567.3,,,8.781,44567.4
2022-03-27 10:30:10.737830,0.3999999999999999,2022-03-27 10:30:12.456380,2.856,44567.3,2.2389999999999985,2022-03-27 10:30:12.281557,10.37,44567.4
2022-03-27 10:30:10.770662,,,2.777,44567.3,0.10200000000000031,2022-03-27 10:30:12.281557,10.472,44567.4
2022-03-27 10:30:10.806630,,,2.777,44567.3,,,10.472,44567.4
2022-03-27 10:30:10.840014,,,2.777,44567.3,,,10.472,44567.4
2022-03-27 10:30:10.874429,,,2.773,44567.3,,,9.296,44567.4
2022-03-27 10:30:10.906528,,,2.773,44567.3,,,9.296,44567.4
2022-03-27 10:30:10.938731,,,2.773,44567.3,,,9.296,44567.4
2022-03-27 10:30:10.971396,,,2.771,44567.3,,,9.272,44567.4
2022-03-27 10:30:11.003947,,,2.771,44567.3,,,9.272,44567.4
2022-03-27 10:30:11.040066,,,2.771,44567.3,,,9.272,44567.4
2022-03-27 10:30:11.072786,,,2.371,44567.3,,,9.272,44567.4
2022-03-27 10:30:11.105829,9.71445146547012e-17,2022-03-27 10:30:12.456380,2.354,44567.3,1.1999999999999993,2022-03-27 10:30:12.420635,10.472,44567.4
2022-03-27 10:30:11.155236,0.7079999999999997,2022-03-27 10:30:12.456380,3.062,44567.3,,,10.472,44567.4
2022-03-27 10:30:11.172908,,,3.062,44567.3,,,10.472,44567.4
2022-03-27 10:30:11.206330,0.4790000000000001,2022-03-27 10:30:12.456380,3.541,44567.3,0.03700000000000042,2022-03-27 10:30:12.420635,10.061,44567.4
2022-03-27 10:30:11.239797,,,3.462,44567.3,,,10.061,44567.4
2022-03-27 10:30:11.272192,0.07899999999999974,2022-03-27 10:30:12.456380,3.541,44567.3,,,10.061,44567.4
2022-03-27 10:30:11.303502,,,3.541,44567.3,,,10.061,44567.4
2022-03-27 10:30:11.335569,,,3.541,44567.3,,,10.061,44567.4
2022-03-27 10:30:11.367489,,,3.541,44567.3,,,8.861,44567.4
2022-03-27 10:30:11.399777,,,3.541,44567.3,,,8.861,44567.4
2022-03-27 10:30:11.438683,,,3.541,44567.3,,,8.861,44567.4
2022-03-27 10:30:11.474349,2.203098814490545e-16,2022-03-27 10:30:12.456380,3.539,44567.3,,,8.861,44567.4
2022-03-27 10:30:11.506736,,,3.539,44567.3,,,8.567,44567.4
2022-03-27 10:30:11.540720,,,3.539,44567.3,,,8.317,44567.4
2022-03-27 10:30:11.574518,,,3.539,44567.3,0.004999999999999005,2022-03-27 10:30:12.420635,8.322,44567.4
2022-03-27 10:30:11.613909,,,3.539,44567.3,,,7.002,44567.4
2022-03-27 10:30:11.646743,,,3.497,44567.3,1.2269999999999994,2022-03-27 10:30:12.420635,8.229,44567.4
2022-03-27 10:30:11.678448,0.08000000000000007,2022-03-27 10:30:12.456380,3.577,44567.3,,,7.467,44567.4
2022-03-27 10:30:11.710696,,,3.577,44567.3,,,6.24,44567.4
2022-03-27 10:30:11.746690,0.0009999999999998899,2022-03-27 10:30:12.456380,3.578,44567.3,,,6.24,44567.4
2022-03-27 10:30:11.781059,0.001000000000000334,2022-03-27 10:30:12.456380,3.579,44567.3,1.1169999999999998,2022-03-27 10:30:12.420635,7.351,44567.4
2022-03-27 10:30:11.812685,,,3.462,44567.3,1.2060000000000004,2022-03-27 10:30:13.619808,8.557,44567.4
2022-03-27 10:30:11.846552,0.07999999999999963,2022-03-27 10:30:12.456380,3.542,44567.3,,,8.557,44567.4
2022-03-27 10:30:11.879444,,,3.542,44567.3,,,8.557,44567.4
2022-03-27 10:30:11.913590,,,3.542,44567.3,,,8.523,44567.4
2022-03-27 10:30:11.947721,,,3.062,44567.3,,,8.523,44567.4
2022-03-27 10:30:11.983738,0.08000000000000007,2022-03-27 10:30:12.456380,3.142,44567.3,,,7.348,44567.4
2022-03-27 10:30:12.016302,3.4010000000000002,2022-03-27 10:30:14.727654,6.543,44567.3,,,5.124,44567.4
2022-03-27 10:30:12.048180,,,3.062,44567.3,3.6979999999999995,2022-03-27 10:30:13.619808,8.822,44567.4
2022-03-27 10:30:12.079763,,,3.062,44567.3,,,8.822,44567.4
2022-03-27 10:30:12.114995,,,3.062,44567.3,,,7.513,44567.4
2022-03-27 10:30:12.148452,0.08000000000000007,2022-03-27 10:30:13.587929,3.142,44567.3,1.0519999999999996,2022-03-27 10:30:13.619808,8.565,44567.4
2022-03-27 10:30:12.181742,,,3.062,44567.3,,,8.565,44567.4
2022-03-27 10:30:12.215535,,,3.062,44567.3,0.011000000000001009,2022-03-27 10:30:13.619808,8.576,44567.4
2022-03-27 10:30:12.247850,,,3.062,44567.3,,,8.576,44567.4
2022-03-27 10:30:12.281557,0.08000000000000007,2022-03-27 10:30:13.587929,3.142,44567.3,,,8.549,44567.4
2022-03-27 10:30:12.313404,,,3.062,44567.3,,,8.528,44567.4
2022-03-27 10:30:12.350500,,,3.062,44567.3,,,8.528,44567.4
2022-03-27 10:30:12.386339,,,3.062,44567.3,,,7.446,44567.4
2022-03-27 10:30:12.420635,,,3.062,44567.3,,,5.093,44567.4
2022-03-27 10:30:12.456380,9.367506770274758e-17,2022-03-27 10:30:13.587929,3.041,44567.3,3.141,2022-03-27 10:30:14.263932,8.234,44567.4
2022-03-27 10:30:12.487484,,,3.041,44567.3,,,8.234,44567.4
2022-03-27 10:30:12.520779,0.002000000000000224,2022-03-27 10:30:13.587929,3.043,44567.3,1.1999999999999993,2022-03-27 10:30:14.263932,9.434,44567.4
2022-03-27 10:30:12.553035,0.01399999999999979,2022-03-27 10:30:13.587929,3.057,44567.3,,,9.434,44567.4
2022-03-27 10:30:12.584611,,,3.057,44567.3,,,9.434,44567.4
2022-03-27 10:30:12.616699,,,3.057,44567.3,,,9.434,44567.4
2022-03-27 10:30:12.652463,,,3.057,44567.3,,,9.434,44567.4
2022-03-27 10:30:12.691421,,,3.057,44567.3,,,9.434,44567.4
2022-03-27 10:30:12.724021,2.0990154059319366e-16,2022-03-27 10:30:13.587929,3.043,44567.3,,,9.434,44567.4
2022-03-27 10:30:12.756907,,,3.043,44567.3,,,9.434,44567.4
2022-03-27 10:30:12.789819,,,3.043,44567.3,,,9.434,44567.4
2022-03-27 10:30:12.821849,,,3.043,44567.3,,,9.434,44567.4
2022-03-27 10:30:12.858586,,,3.043,44567.3,8.81239525796218e-16,2022-03-27 10:30:14.263932,9.426,44567.4
2022-03-27 10:30:12.892583,,,3.043,44567.3,,,9.426,44567.4
2022-03-27 10:30:12.927655,,,3.043,44567.3,,,9.426,44567.4
2022-03-27 10:30:12.961429,,,3.026,44567.3,,,9.426,44567.4
2022-03-27 10:30:12.994769,,,3.026,44567.3,,,9.426,44567.4
2022-03-27 10:30:13.029821,,,3.026,44567.3,,,9.426,44567.4
2022-03-27 10:30:13.063783,,,3.026,44567.3,,,9.426,44567.4
2022-03-27 10:30:13.096377,,,3.026,44567.3,,,8.226,44567.4
2022-03-27 10:30:13.139268,,,3.026,44567.3,,,8.226,44567.4
2022-03-27 10:30:13.164490,,,3.026,44567.3,,,8.226,44567.4
2022-03-27 10:30:13.198360,0.002000000000000224,2022-03-27 10:30:13.587929,3.028,44567.3,,,8.226,44567.4
2022-03-27 10:30:13.235833,,,3.028,44567.3,,,8.226,44567.4
2022-03-27 10:30:13.273060,,,3.028,44567.3,,,8.226,44567.4
2022-03-27 10:30:13.307497,,,3.028,44567.3,0.10299999999999976,2022-03-27 10:30:14.263932,8.329,44567.4
2022-03-27 10:30:13.343622,,,3.028,44567.3,,,8.329,44567.4
2022-03-27 10:30:13.381625,,,3.024,44567.3,0.0039999999999995595,2022-03-27 10:30:14.263932,8.333,44567.4
2022-03-27 10:30:13.416593,,,3.024,44567.3,0.010999999999999233,2022-03-27 10:30:14.263932,8.344,44567.4
2022-03-27 10:30:13.448440,,,3.024,44567.3,,,8.344,44567.4
2022-03-27 10:30:13.487648,,,3.024,44567.3,,,8.344,44567.4
2022-03-27 10:30:13.519534,2.888,2022-03-27 10:30:14.727654,5.912,44567.3,,,5.089,44567.4
2022-03-27 10:30:13.555820,,,5.362,44567.3,3.401,2022-03-27 10:30:15.272587,8.49,44567.4
2022-03-27 10:30:13.587929,,,2.486,44567.3,,,7.439,44567.4
2022-03-27 10:30:13.619808,,,0.936,44567.3,1.167999999999999,2022-03-27 10:30:15.272587,8.604,44567.4
2022-03-27 10:30:13.653536,,,0.857,44567.3,0.0940000000000012,2022-03-27 10:30:15.272587,8.698,44567.4
2022-03-27 10:30:13.686660,,,0.857,44567.3,,,8.698,44567.4
2022-03-27 10:30:13.719844,,,0.857,44567.3,,,8.698,44567.4
2022-03-27 10:30:13.751671,0.0010000000000000009,2022-03-27 10:30:14.727654,0.858,44567.3,,,8.698,44567.4
2022-03-27 10:30:13.786605,,,0.858,44567.3,,,8.698,44567.4
2022-03-27 10:30:13.821417,,,0.858,44567.3,,,8.698,44567.4
2022-03-27 10:30:13.854691,,,0.858,44567.3,,,8.698,44567.4
2022-03-27 10:30:13.890037,,,0.858,44567.3,0.010999999999999233,2022-03-27 10:30:15.272587,8.709,44567.4
2022-03-27 10:30:13.921746,,,0.858,44567.3,,,8.709,44567.4
2022-03-27 10:30:13.957544,,,0.858,44567.3,,,8.709,44567.4
2022-03-27 10:30:13.994303,,,0.858,44567.3,,,8.709,44567.4
2022-03-27 10:30:14.026416,1.5499999999999998,2022-03-27 10:30:15.958031,2.408,44567.3,,,8.615,44567.4
2022-03-27 10:30:14.058746,0.07699999999999996,2022-03-27 10:30:15.958031,2.485,44567.3,,,8.615,44567.4
2022-03-27 10:30:14.092537,,,2.485,44567.3,,,8.615,44567.4
2022-03-27 10:30:14.125522,,,2.485,44567.3,,,8.615,44567.4
2022-03-27 10:30:14.160805,,,2.485,44567.3,,,8.615,44567.4
2022-03-27 10:30:14.196710,3.4419999999999997,2022-03-27 10:30:16.666924,5.927,44567.3,,,4.731,44567.4
2022-03-27 10:30:14.229905,,,5.927,44567.3,0.0019999999999997797,2022-03-27 10:30:15.272587,4.733,44567.4
2022-03-27 10:30:14.263932,1.2770000000000001,2022-03-27 10:30:16.666924,7.204,44567.3,,,4.633,44567.4
2022-03-27 10:30:14.300635,0.004000000000000448,2022-03-27 10:30:16.666924,7.208,44567.3,,,2.413,44567.4
2022-03-27 10:30:14.332893,0.10499999999999997,2022-03-27 10:30:16.666924,7.301,44567.3,,,2.315,44567.4
2022-03-27 10:30:14.364850,,,7.301,44567.3,,,2.315,44567.4
2022-03-27 10:30:14.398550,1.0899999999999999,2022-03-27 10:30:16.666924,8.391,44567.3,,,1.198,44567.4
2022-03-27 10:30:14.431229,0.08900000000000041,2022-03-27 10:30:16.666924,8.48,44567.3,,,1.198,44567.4
2022-03-27 10:30:14.463969,,,8.48,44567.3,,,1.198,44567.4
2022-03-27 10:30:14.495602,,,8.392,44567.3,,,1.198,44567.4
2022-03-27 10:30:14.528090,,,8.392,44567.3,,,0.398,44567.4
2022-03-27 10:30:14.563521,,,8.392,44567.3,2.2399999999999998,2022-03-27 10:30:16.335168,2.638,44567.4
2022-03-27 10:30:14.595520,,,8.392,44567.3,,,0.398,44567.4
2022-03-27 10:30:14.627551,,,8.392,44567.3,,,0.398,44567.4
2022-03-27 10:30:14.659417,,,6.842,44567.3,,,0.398,44567.4
2022-03-27 10:30:14.693729,,,6.84,44567.3,,,0.398,44567.4
2022-03-27 10:30:14.727654,,,6.84,44567.3,,,0.398,44567.4
2022-03-27 10:30:14.761586,,,6.84,44567.3,,,0.398,44567.4
2022-03-27 10:30:14.793493,,,6.84,44567.3,,,0.398,44567.4
2022-03-27 10:30:14.825520,2.8610000000000007,2022-03-27 10:30:18.193796,9.701,44567.3,,,0.321,44567.4
2022-03-27 10:30:14.858711,0.6500000000000004,2022-03-27 10:30:18.193796,10.351,44567.3,0.07700000000000001,2022-03-27 10:30:16.335168,0.398,44567.4
2022-03-27 10:30:14.899981,0.21399999999999864,2022-03-27 10:30:18.902037,10.565,44567.3,,,0.398,44567.4
2022-03-27 10:30:14.931342,,,10.475,44567.3,,,0.398,44567.4
2022-03-27 10:30:14.964405,0.2500000000000001,2022-03-27 10:30:18.902037,10.478,44567.3,,,0.321,44567.4
2022-03-27 10:30:14.997696,,,10.401,44567.3,,,0.321,44567.4
2022-03-27 10:30:15.029757,,,10.401,44567.3,0.07700000000000001,2022-03-27 10:30:16.335168,0.398,44567.4
2022-03-27 10:30:15.067518,,,10.401,44567.3,,,0.398,44567.4
2022-03-27 10:30:15.101464,,,10.401,44567.3,,,0.398,44567.4
2022-03-27 10:30:15.139924,,,10.401,44567.3,,,0.398,44567.4
2022-03-27 10:30:15.171830,1.0685896612017132e-15,2022-03-27 10:30:18.902037,10.351,44567.3,,,0.398,44567.4
2022-03-27 10:30:15.205488,,,10.351,44567.3,,,0.398,44567.4
2022-03-27 10:30:15.239954,0.07299999999999862,2022-03-27 10:30:18.902037,10.424,44567.3,,,0.398,44567.4
2022-03-27 10:30:15.272587,0.09800000000000075,2022-03-27 10:30:18.902037,10.522,44567.3,,,0.371,44567.4
2022-03-27 10:30:15.305707,,,10.522,44567.3,,,0.371,44567.4
2022-03-27 10:30:15.342500,,,10.448,44567.3,,,0.371,44567.4
2022-03-27 10:30:15.374445,,,10.448,44567.3,,,0.371,44567.4
2022-03-27 10:30:15.408555,,,10.448,44567.3,,,0.371,44567.4
2022-03-27 10:30:15.440516,0.08599999999999916,2022-03-27 10:30:18.902037,10.504,44567.3,,,0.371,44567.4
2022-03-27 10:30:15.473514,0.07699999999999996,2022-03-27 10:30:18.902037,10.581,44567.3,,,0.371,44567.4
2022-03-27 10:30:15.506175,0.002000000000000668,2022-03-27 10:30:18.902037,10.583,44567.3,,,0.294,44567.4
2022-03-27 10:30:15.539923,,,10.583,44567.3,,,0.294,44567.4
2022-03-27 10:30:15.571881,0.03999999999999915,2022-03-27 10:30:18.902037,10.623,44567.3,0.07700000000000001,2022-03-27 10:30:16.335168,0.371,44567.4
2022-03-27 10:30:15.610468,,,10.623,44567.3,,,0.371,44567.4
2022-03-27 10:30:15.647397,,,10.623,44567.3,,,0.371,44567.4
2022-03-27 10:30:15.686310,,,10.623,44567.3,,,0.371,44567.4
2022-03-27 10:30:15.719585,,,10.623,44567.3,,,0.371,44567.4
2022-03-27 10:30:15.753671,,,10.623,44567.3,,,0.371,44567.4
2022-03-27 10:30:15.786728,,,10.623,44567.3,,,0.371,44567.4
2022-03-27 10:30:15.822460,,,10.623,44567.3,,,0.371,44567.4
2022-03-27 10:30:15.854453,,,10.546,44567.3,0.344,2022-03-27 10:30:16.335168,0.715,44567.4
2022-03-27 10:30:15.887404,,,10.146,44567.3,,,0.715,44567.4
2022-03-27 10:30:15.921776,,,8.137,44567.3,,,0.715,44567.4
2022-03-27 10:30:15.958031,1.6379999999999997,2022-03-27 10:30:22.057700,9.756,44567.3,,,0.715,44567.4
2022-03-27 10:30:15.990638,1.549999999999999,2022-03-27 10:30:22.057700,11.306,44567.3,7.632783294297951e-17,2022-03-27 10:30:16.335168,0.678,44567.4
2022-03-27 10:30:16.024065,,,10.03,44567.3,2.04,2022-03-27 10:30:16.335168,2.718,44567.4
2022-03-27 10:30:16.061989,,,10.028,44567.3,,,2.71,44567.4
2022-03-27 10:30:16.100513,0.10499999999999865,2022-03-27 10:30:22.057700,10.133,44567.3,,,0.556,44567.4
2022-03-27 10:30:16.144607,1.2760000000000016,2022-03-27 10:30:22.057700,11.409,44567.3,,,0.212,44567.4
2022-03-27 10:30:16.164710,,,9.892,44567.3,,,0.212,44567.4
2022-03-27 10:30:16.197249,,,8.692,44567.3,,,0.212,44567.4
2022-03-27 10:30:16.228624,,,8.366,44567.3,2.28,2022-03-27 10:30:18.396490,2.492,44567.4
2022-03-27 10:30:16.268857,1.5500000000000007,2022-03-27 10:30:22.057700,9.916,44567.3,,,2.492,44567.4
2022-03-27 10:30:16.303203,,,9.916,44567.3,,,0.208,44567.4
2022-03-27 10:30:16.335168,0.07899999999999885,2022-03-27 10:30:22.057700,9.995,44567.3,,,0.208,44567.4
2022-03-27 10:30:16.370009,0.008000000000000895,2022-03-27 10:30:22.057700,10.003,44567.3,,,0.208,44567.4
2022-03-27 10:30:16.402200,,,8.453,44567.3,,,0.208,44567.4
2022-03-27 10:30:16.433602,,,8.453,44567.3,,,0.208,44567.4
2022-03-27 10:30:16.468525,,,8.445,44567.3,,,0.208,44567.4
2022-03-27 10:30:16.500508,,,8.445,44567.3,,,0.208,44567.4
2022-03-27 10:30:16.533498,,,8.445,44567.3,,,0.208,44567.4
2022-03-27 10:30:16.569278,,,8.445,44567.3,,,0.208,44567.4
2022-03-27 10:30:16.600726,,,8.445,44567.3,0.037000000000000005,2022-03-27 10:30:18.536990,0.245,44567.4
2022-03-27 10:30:16.633757,,,8.445,44567.3,,,0.245,44567.4
2022-03-27 10:30:16.666924,,,8.43,44567.3,,,0.245,44567.4
2022-03-27 10:30:16.700190,,,8.43,44567.3,,,0.245,44567.4
2022-03-27 10:30:16.736446,3.2699537522162814e-16,2022-03-27 10:30:22.057700,8.423,44567.3,,,0.245,44567.4
2022-03-27 10:30:16.817858,,,8.423,44567.3,,,0.245,44567.4
2022-03-27 10:30:16.851828,,,8.423,44567.3,,,0.245,44567.4
2022-03-27 10:30:16.883664,,,8.423,44567.3,0.0010000000000000009,2022-03-27 10:30:18.536990,0.246,44567.4
2022-03-27 10:30:16.917652,,,8.423,44567.3,,,0.246,44567.4
2022-03-27 10:30:16.951656,,,8.423,44567.3,,,0.246,44567.4
2022-03-27 10:30:16.988075,,,8.423,44567.3,,,0.246,44567.4
2022-03-27 10:30:17.021647,,,8.423,44567.3,,,0.246,44567.4
2022-03-27 10:30:17.057617,,,8.423,44567.3,,,0.246,44567.4
2022-03-27 10:30:17.090583,0.009000000000000341,2022-03-27 10:30:22.057700,8.432,44567.3,,,0.243,44567.4
2022-03-27 10:30:17.125709,,,8.432,44567.3,,,0.243,44567.4
2022-03-27 10:30:17.171171,,,8.404,44567.3,,,0.241,44567.4
2022-03-27 10:30:17.201540,,,8.404,44567.3,,,0.239,44567.4
2022-03-27 10:30:17.233912,0.005000000000000782,2022-03-27 10:30:22.057700,8.409,44567.3,,,0.229,44567.4
2022-03-27 10:30:17.267770,,,8.404,44567.3,0.0030000000000000027,2022-03-27 10:30:18.536990,0.232,44567.4
2022-03-27 10:30:17.300313,,,8.334,44567.3,,,0.229,44567.4
2022-03-27 10:30:17.336015,,,8.334,44567.3,,,0.225,44567.4
2022-03-27 10:30:17.370711,,,8.297,44567.3,,,0.215,44567.4
2022-03-27 10:30:17.404840,0.006999999999999673,2022-03-27 10:30:22.057700,8.304,44567.3,0.004999999999999996,2022-03-27 10:30:19.143007,0.211,44567.4
2022-03-27 10:30:17.438452,,,8.304,44567.3,,,0.164,44567.4
2022-03-27 10:30:17.475501,0.29999999999999893,2022-03-27 10:30:22.057700,8.604,44567.3,,,0.161,44567.4
2022-03-27 10:30:17.509705,,,8.604,44567.3,,,0.161,44567.4
2022-03-27 10:30:17.541537,1.237,2022-03-27 10:30:22.057700,9.841,44567.3,,,0.161,44567.4
2022-03-27 10:30:17.574430,,,9.841,44567.3,,,0.129,44567.4
2022-03-27 10:30:17.608860,,,9.841,44567.3,,,0.129,44567.4
2022-03-27 10:30:17.642733,2.1337098754514727e-16,2022-03-27 10:30:22.057700,9.831,44567.3,,,0.129,44567.4
2022-03-27 10:30:17.674584,,,8.626,44567.3,,,0.129,44567.4
2022-03-27 10:30:17.707458,,,8.626,44567.3,0.0010000000000000009,2022-03-27 10:30:18.536990,0.13,44567.4
2022-03-27 10:30:17.740839,,,8.626,44567.3,,,0.13,44567.4
2022-03-27 10:30:17.778069,,,8.626,44567.3,,,0.13,44567.4
2022-03-27 10:30:17.811905,,,8.626,44567.3,,,0.13,44567.4
2022-03-27 10:30:17.847928,,,8.626,44567.3,,,0.13,44567.4
2022-03-27 10:30:17.883147,,,8.626,44567.3,,,0.13,44567.4
2022-03-27 10:30:17.915535,,,8.626,44567.3,0.0040000000000000036,2022-03-27 10:30:18.536990,0.134,44567.4
2022-03-27 10:30:17.948714,,,8.626,44567.3,,,0.134,44567.4
2022-03-27 10:30:17.983272,,,8.626,44567.3,,,0.134,44567.4
2022-03-27 10:30:18.016343,,,8.626,44567.3,,,0.134,44567.4
2022-03-27 10:30:18.058918,,,8.626,44567.3,0.00799999999999998,2022-03-27 10:30:18.536990,0.142,44567.4
2022-03-27 10:30:18.094645,,,8.626,44567.3,,,0.14,44567.4
2022-03-27 10:30:18.126522,,,8.626,44567.3,,,0.138,44567.4
2022-03-27 10:30:18.159811,0.07600000000000051,2022-03-27 10:30:22.057700,8.702,44567.3,,,0.138,44567.4
2022-03-27 10:30:18.193796,,,8.554,44567.3,0.07499999999999998,2022-03-27 10:30:19.881467,0.213,44567.4
2022-03-27 10:30:18.227024,0.3130000000000006,2022-03-27 10:30:22.057700,8.867,44567.3,0.007000000000000006,2022-03-27 10:30:19.881467,0.22,44567.4
2022-03-27 10:30:18.259613,,,8.849,44567.3,,,0.22,44567.4
2022-03-27 10:30:18.296742,,,8.849,44567.3,,,0.146,44567.4
2022-03-27 10:30:18.330171,,,8.602,44567.3,0.007000000000000006,2022-03-27 10:30:19.881467,0.153,44567.4
2022-03-27 10:30:18.363887,,,8.602,44567.3,,,0.153,44567.4
2022-03-27 10:30:18.396490,,,8.602,44567.3,,,0.151,44567.4
2022-03-27 10:30:18.431863,,,8.602,44567.3,,,0.151,44567.4
2022-03-27 10:30:18.467106,,,8.602,44567.3,,,0.151,44567.4
2022-03-27 10:30:18.499518,,,8.602,44567.3,,,0.151,44567.4
2022-03-27 10:30:18.536990,,,8.406,44567.3,0.022999999999999993,2022-03-27 10:30:20.466387,0.087,44567.4
2022-03-27 10:30:18.569614,,,7.912,44567.3,0.087,2022-03-27 10:30:20.466387,0.174,44567.4
2022-03-27 10:30:18.602153,,,7.912,44567.3,0.0020000000000000018,2022-03-27 10:30:20.466387,0.176,44567.4
2022-03-27 10:30:18.633511,0.2999999999999998,2022-03-27 10:30:22.057700,8.212,44567.3,,,0.176,44567.4
2022-03-27 10:30:18.669012,,,7.912,44567.3,,,0.176,44567.4
2022-03-27 10:30:18.700615,,,7.912,44567.3,,,0.176,44567.4
2022-03-27 10:30:18.732599,,,7.912,44567.3,,,0.174,44567.4
2022-03-27 10:30:18.766991,,,7.903,44567.3,0.004000000000000002,2022-03-27 10:30:20.466387,0.176,44567.4
2022-03-27 10:30:18.801607,,,7.903,44567.3,,,0.176,44567.4
2022-03-27 10:30:18.836697,,,7.903,44567.3,0.0020000000000000018,2022-03-27 10:30:20.466387,0.178,44567.4
2022-03-27 10:30:18.870180,,,7.903,44567.3,,,0.178,44567.4
2022-03-27 10:30:18.902037,5.134781488891349e-16,2022-03-27 10:30:22.057700,7.854,44567.3,,,0.178,44567.4
2022-03-27 10:30:18.938436,2.1337098754514727e-16,2022-03-27 10:30:22.057700,7.844,44567.3,,,0.178,44567.4
2022-03-27 10:30:18.970493,,,7.844,44567.3,,,0.178,44567.4
2022-03-27 10:30:19.006467,0.39999999999999947,2022-03-27 10:30:22.057700,8.244,44567.3,,,0.178,44567.4
2022-03-27 10:30:19.038832,0.3719999999999999,2022-03-27 10:30:22.057700,8.616,44567.3,,,0.177,44567.4
2022-03-27 10:30:19.071446,0.009000000000000341,2022-03-27 10:30:22.057700,8.625,44567.3,,,0.177,44567.4
2022-03-27 10:30:19.108220,,,8.625,44567.3,,,0.177,44567.4
2022-03-27 10:30:19.143007,0.25,2022-03-27 10:30:22.057700,8.875,44567.3,6.938893903907228e-18,2022-03-27 10:30:20.466387,0.151,44567.4
2022-03-27 10:30:19.175546,,,8.807,44567.3,,,0.151,44567.4
2022-03-27 10:30:19.208618,,,8.807,44567.3,,,0.151,44567.4
2022-03-27 10:30:19.242238,,,8.807,44567.3,,,0.151,44567.4
2022-03-27 10:30:19.273535,,,8.798,44567.3,0.017000000000000008,2022-03-27 10:30:20.466387,0.158,44567.4
2022-03-27 10:30:19.310573,0.0009999999999994458,2022-03-27 10:30:22.057700,8.799,44567.3,,,0.158,44567.4
2022-03-27 10:30:19.343455,0.005000000000000782,2022-03-27 10:30:22.057700,8.804,44567.3,,,0.158,44567.4
2022-03-27 10:30:19.375795,,,8.804,44567.3,,,0.158,44567.4
2022-03-27 10:30:19.408658,,,8.804,44567.3,,,0.158,44567.4
2022-03-27 10:30:19.447477,,,8.804,44567.3,,,0.158,44567.4
2022-03-27 10:30:19.479964,0.0009999999999994458,2022-03-27 10:30:22.057700,8.805,44567.3,0.0020000000000000018,2022-03-27 10:30:20.466387,0.16,44567.4
2022-03-27 10:30:19.515558,,,8.805,44567.3,,,0.16,44567.4
2022-03-27 10:30:19.549396,,,8.805,44567.3,,,0.16,44567.4
2022-03-27 10:30:19.581579,,,8.789,44567.3,,,0.16,44567.4
2022-03-27 10:30:19.613506,0.4610000000000003,2022-03-27 10:30:22.057700,9.25,44567.3,,,0.16,44567.4
2022-03-27 10:30:19.646021,,,9.25,44567.3,,,0.16,44567.4
2022-03-27 10:30:19.681743,,,9.25,44567.3,,,0.16,44567.4
2022-03-27 10:30:19.713857,,,9.25,44567.3,,,0.16,44567.4
2022-03-27 10:30:19.746595,0.0009999999999994458,2022-03-27 10:30:22.057700,9.251,44567.3,,,0.16,44567.4
2022-03-27 10:30:19.779736,,,9.251,44567.3,,,0.16,44567.4
2022-03-27 10:30:19.814545,,,9.251,44567.3,,,0.16,44567.4
2022-03-27 10:30:19.846472,,,9.251,44567.3,,,0.147,44567.4
2022-03-27 10:30:19.881467,,,9.251,44567.3,,,0.147,44567.4
2022-03-27 10:30:19.912665,,,9.251,44567.3,0.0030000000000000027,2022-03-27 10:30:20.466387,0.15,44567.4
2022-03-27 10:30:19.945734,,,8.951,44567.3,1.734723475976807e-17,2022-03-27 10:30:20.466387,0.139,44567.4
2022-03-27 10:30:19.977552,0.09999999999999964,2022-03-27 10:30:22.057700,9.051,44567.3,,,0.139,44567.4
2022-03-27 10:30:20.011669,,,9.051,44567.3,,,0.139,44567.4
2022-03-27 10:30:20.051022,0.20099999999999973,2022-03-27 10:30:22.057700,9.247,44567.3,,,0.139,44567.4
2022-03-27 10:30:20.086616,1.1999999999999993,2022-03-27 10:30:22.057700,10.447,44567.3,,,0.139,44567.4
2022-03-27 10:30:20.119269,,,10.447,44567.3,,,0.139,44567.4
2022-03-27 10:30:20.153651,1.6479873021779667e-15,2022-03-27 10:30:22.057700,10.428,44567.3,,,0.139,44567.4
2022-03-27 10:30:20.190586,,,10.428,44567.3,,,0.139,44567.4
2022-03-27 10:30:20.221518,0.10199999999999854,2022-03-27 10:30:22.057700,10.53,44567.3,,,0.032,44567.4
2022-03-27 10:30:20.258063,,,10.53,44567.3,,,0.032,44567.4
2022-03-27 10:30:20.290405,0.004000000000001336,2022-03-27 10:30:22.057700,10.534,44567.3,,,0.032,44567.4
2022-03-27 10:30:20.322831,,,10.534,44567.3,,,0.032,44567.4
2022-03-27 10:30:20.359634,,,10.433,44567.3,,,0.032,44567.4
2022-03-27 10:30:20.394501,,,10.433,44567.3,,,0.032,44567.4
2022-03-27 10:30:20.432530,,,10.433,44567.3,0.0010000000000000009,2022-03-27 10:30:21.149785,0.033,44567.4
2022-03-27 10:30:20.466387,,,0.727,44569.6,0.126,2022-03-27 10:30:21.149785,0.023,44569.7
2022-03-27 10:30:20.498590,2.322,2022-03-27 10:30:22.522285,3.049,44569.6,0.908,2022-03-27 10:30:21.382621,0.931,44569.7
2022-03-27 10:30:20.532306,3.506,2022-03-27 10:30:22.619086,6.555,44569.6,,,0.749,44569.7
2022-03-27 10:30:20.563692,1.38,2022-03-27 10:30:22.619086,7.935,44569.6,,,0.67,44569.7
2022-03-27 10:30:20.596430,,,7.935,44569.6,,,0.67,44569.7
2022-03-27 10:30:20.628808,0.040000000000000036,2022-03-27 10:30:22.619086,7.975,44569.6,,,0.67,44569.7
2022-03-27 10:30:20.661590,0.03599999999999959,2022-03-27 10:30:22.619086,8.011,44569.6,,,0.67,44569.7
2022-03-27 10:30:20.694448,1.8070000000000004,2022-03-27 10:30:23.884981,9.818,44569.6,,,0.67,44569.7
2022-03-27 10:30:20.728970,,,9.818,44569.6,,,0.67,44569.7
2022-03-27 10:30:20.762444,,,9.024,44569.6,,,0.67,44569.7
2022-03-27 10:30:20.795202,,,9.024,44569.6,,,0.67,44569.7
2022-03-27 10:30:20.828984,0.10200000000000031,2022-03-27 10:30:23.884981,9.126,44569.6,,,0.67,44569.7
2022-03-27 10:30:20.861860,1.200000000000001,2022-03-27 10:30:23.884981,10.326,44569.6,,,0.67,44569.7
2022-03-27 10:30:20.896803,,,10.326,44569.6,,,0.67,44569.7
2022-03-27 10:30:20.934954,,,10.326,44569.6,0.08599999999999997,2022-03-27 10:30:21.149785,0.756,44569.7
2022-03-27 10:30:20.969745,,,10.326,44569.6,,,0.756,44569.7
2022-03-27 10:30:21.004438,,,10.326,44569.6,,,0.756,44569.7
2022-03-27 10:30:21.036626,0.5,2022-03-27 10:30:23.884981,10.826,44569.6,,,0.67,44569.7
2022-03-27 10:30:21.070786,0.006000000000000227,2022-03-27 10:30:23.884981,10.832,44569.6,,,0.67,44569.7
2022-03-27 10:30:21.107814,,,10.82,44569.6,0.08599999999999997,2022-03-27 10:30:21.447948,0.756,44569.7
2022-03-27 10:30:21.149785,0.1039999999999992,2022-03-27 10:30:23.884981,10.924,44569.6,,,0.03,44569.7
2022-03-27 10:30:21.175700,0.04499999999999993,2022-03-27 10:30:23.884981,10.969,44569.6,0.64,2022-03-27 10:30:21.447948,0.67,44569.7
2022-03-27 10:30:21.209988,0.006000000000000227,2022-03-27 10:30:23.884981,10.975,44569.6,0.08599999999999997,2022-03-27 10:30:21.447948,0.756,44569.7
2022-03-27 10:30:21.244062,,,10.775,44569.6,0.123,2022-03-27 10:30:22.023484,0.879,44569.7
2022-03-27 10:30:21.277599,,,10.671,44569.6,,,0.879,44569.7
2022-03-27 10:30:21.313454,,,10.569,44569.6,,,0.879,44569.7
2022-03-27 10:30:21.348542,0.11099999999999888,2022-03-27 10:30:23.884981,10.68,44569.6,,,0.793,44569.7
2022-03-27 10:30:21.382621,,,10.68,44569.6,0.08599999999999997,2022-03-27 10:30:23.653039,0.878,44569.7
2022-03-27 10:30:21.415375,,,10.68,44569.6,,,0.878,44569.7
2022-03-27 10:30:21.447948,0.20599999999999952,2022-03-27 10:30:25.361991,10.886,44569.6,,,0.123,44569.7
2022-03-27 10:30:21.479664,,,10.687,44569.6,0.64,2022-03-27 10:30:23.653039,0.763,44569.7
2022-03-27 10:30:21.511690,,,10.687,44569.6,0.02300000000000002,2022-03-27 10:30:23.653039,0.786,44569.7
2022-03-27 10:30:21.544981,,,10.687,44569.6,,,0.786,44569.7
2022-03-27 10:30:21.576859,,,10.681,44569.6,0.08599999999999997,2022-03-27 10:30:23.653039,0.872,44569.7
2022-03-27 10:30:21.609698,0.0010000000000012221,2022-03-27 10:30:25.361991,10.682,44569.6,0.0010000000000000009,2022-03-27 10:30:23.653039,0.873,44569.7
2022-03-27 10:30:21.641494,0.0019999999999988916,2022-03-27 10:30:25.361991,10.684,44569.6,,,0.873,44569.7
2022-03-27 10:30:21.674046,0.0010000000000012221,2022-03-27 10:30:25.361991,10.685,44569.6,,,0.873,44569.7
2022-03-27 10:30:21.707465,,,10.685,44569.6,,,0.873,44569.7
2022-03-27 10:30:21.740583,,,10.685,44569.6,,,0.873,44569.7
2022-03-27 10:30:21.776926,,,10.685,44569.6,,,0.873,44569.7
2022-03-27 10:30:21.814595,,,10.685,44569.6,,,0.873,44569.7
2022-03-27 10:30:21.845382,,,10.685,44569.6,,,0.873,44569.7
2022-03-27 10:30:21.879677,,,10.685,44569.6,,,0.873,44569.7
2022-03-27 10:30:21.912836,,,10.685,44569.6,,,0.873,44569.7
2022-03-27 10:30:21.951679,,,10.685,44569.6,,,0.873,44569.7
2022-03-27 10:30:21.985493,,,10.685,44569.6,,,0.873,44569.7
2022-03-27 10:30:22.023484,,,10.651,44569.6,,,0.813,44569.7
2022-03-27 10:30:22.057700,0.11000000000000099,2022-03-27 10:30:25.361991,10.755,44569.6,,,0.813,44569.7
2022-03-27 10:30:22.088539,,,10.455,44569.6,,,0.813,44569.7
2022-03-27 10:30:22.122563,,,10.455,44569.6,,,0.813,44569.7
2022-03-27 10:30:22.156995,,,10.455,44569.6,,,0.813,44569.7
2022-03-27 10:30:22.191958,0.6479999999999997,2022-03-27 10:30:25.361991,11.103,44569.6,,,0.727,44569.7
2022-03-27 10:30:22.224241,0.005000000000000782,2022-03-27 10:30:25.361991,11.108,44569.6,,,0.727,44569.7
2022-03-27 10:30:22.257428,2.5969999999999995,2022-03-27 10:30:25.361991,13.705,44569.6,,,0.727,44569.7
2022-03-27 10:30:22.291078,,,12.998,44569.6,,,0.087,44569.7
2022-03-27 10:30:22.322634,,,12.998,44569.6,0.08000000000000002,2022-03-27 10:30:23.653039,0.167,44569.7
2022-03-27 10:30:22.355294,0.006000000000000227,2022-03-27 10:30:25.361991,13.004,44569.6,,,0.167,44569.7
2022-03-27 10:30:22.389743,,,13.004,44569.6,,,0.167,44569.7
2022-03-27 10:30:22.421875,,,11.205,44569.6,,,0.167,44569.7
2022-03-27 10:30:22.454521,,,11.205,44569.6,,,0.167,44569.7
2022-03-27 10:30:22.488103,,,11.205,44569.6,0.086,2022-03-27 10:30:23.653039,0.253,44569.7
2022-03-27 10:30:22.522285,,,10.869,44569.6,,,0.253,44569.7
2022-03-27 10:30:22.553494,,,10.869,44569.6,,,0.253,44569.7
2022-03-27 10:30:22.586641,,,8.641,44569.6,,,0.253,44569.7
2022-03-27 10:30:22.619086,1.988,2022-03-27 10:30:25.361991,8.401,44569.6,0.09299999999999997,2022-03-27 10:30:23.653039,0.346,44569.7
2022-03-27 10:30:22.651042,0.03700000000000081,2022-03-27 10:30:25.361991,8.438,44569.6,,,0.346,44569.7
2022-03-27 10:30:22.682548,,,8.404,44569.6,,,0.346,44569.7
2022-03-27 10:30:22.715471,,,7.202,44569.6,,,0.346,44569.7
2022-03-27 10:30:22.750497,,,7.202,44569.6,,,0.346,44569.7
2022-03-27 10:30:22.783586,,,7.202,44569.6,,,0.346,44569.7
2022-03-27 10:30:22.815699,,,7.202,44569.6,,,0.346,44569.7
2022-03-27 10:30:22.849501,,,7.202,44569.6,,,0.346,44569.7
2022-03-27 10:30:22.881766,,,7.202,44569.6,,,0.346,44569.7
2022-03-27 10:30:22.915814,,,7.202,44569.6,,,0.346,44569.7
2022-03-27 10:30:22.947780,,,7.202,44569.6,,,0.346,44569.7
2022-03-27 10:30:22.979495,,,7.202,44569.6,,,0.346,44569.7
2022-03-27 10:30:23.013502,,,7.092,44569.6,,,0.346,44569.7
2022-03-27 10:30:23.047968,,,7.092,44569.6,,,0.346,44569.7
2022-03-27 10:30:23.081907,0.3810000000000002,2022-03-27 10:30:25.361991,7.473,44569.6,,,0.346,44569.7
2022-03-27 10:30:23.116207,,,7.342,44569.6,,,0.346,44569.7
2022-03-27 10:30:23.147555,,,7.342,44569.6,,,0.346,44569.7
2022-03-27 10:30:23.181116,0.02600000000000069,2022-03-27 10:30:25.361991,7.368,44569.6,0.04200000000000004,2022-03-27 10:30:23.653039,0.388,44569.7
2022-03-27 10:30:23.212622,,,7.368,44569.6,,,0.388,44569.7
2022-03-27 10:30:23.247064,0.0009999999999994458,2022-03-27 10:30:25.361991,7.369,44569.6,0.237,2022-03-27 10:30:23.653039,0.625,44569.7
2022-03-27 10:30:23.281197,,,7.369,44569.6,0.028000000000000025,2022-03-27 10:30:23.653039,0.653,44569.7
2022-03-27 10:30:23.315658,0.17300000000000004,2022-03-27 10:30:25.361991,7.542,44569.6,,,0.653,44569.7
2022-03-27 10:30:23.347015,,,7.542,44569.6,,,0.653,44569.7
2022-03-27 10:30:23.382527,,,7.542,44569.6,,,0.653,44569.7
2022-03-27 10:30:23.416554,,,7.542,44569.6,0.009000000000000008,2022-03-27 10:30:23.653039,0.662,44569.7
2022-03-27 10:30:23.449573,,,7.542,44569.6,,,0.662,44569.7
2022-03-27 10:30:23.484328,,,7.542,44569.6,0.02100000000000002,2022-03-27 10:30:23.653039,0.683,44569.7
2022-03-27 10:30:23.516622,,,7.542,44569.6,1.2,2022-03-27 10:30:24.491361,1.883,44569.7
2022-03-27 10:30:23.549559,,,6.644,44569.6,0.06600000000000006,2022-03-27 10:30:24.491361,1.949,44569.7
2022-03-27 10:30:23.582439,,,6.644,44569.6,,,1.949,44569.7
2022-03-27 10:30:23.617129,,,6.644,44569.6,,,1.594,44569.7
2022-03-27 10:30:23.653039,0.6369999999999996,2022-03-27 10:30:25.361991,7.281,44569.6,0.3959999999999999,2022-03-27 10:30:25.601015,1.635,44569.7
2022-03-27 10:30:23.685690,2.2,2022-03-27 10:30:25.632624,9.481,44569.6,,,0.426,44569.7
2022-03-27 10:30:23.717553,,,9.481,44569.6,,,0.426,44569.7
2022-03-27 10:30:23.754414,,,9.481,44569.6,,,0.426,44569.7
2022-03-27 10:30:23.788018,,,9.481,44569.6,,,0.426,44569.7
2022-03-27 10:30:23.820619,,,8.875,44569.6,,,0.426,44569.7
2022-03-27 10:30:23.884981,0.14500000000000013,2022-03-27 10:30:25.632624,9.019,44569.6,,,0.426,44569.7
2022-03-27 10:30:23.887163,,,9.019,44569.6,,,0.426,44569.7
2022-03-27 10:30:23.921181,,,9.019,44569.6,,,0.426,44569.7
2022-03-27 10:30:23.956377,,,9.019,44569.6,,,0.426,44569.7
2022-03-27 10:30:23.996151,0.006999999999999673,2022-03-27 10:30:25.632624,9.026,44569.6,,,0.426,44569.7
2022-03-27 10:30:24.028898,,,9.026,44569.6,,,0.426,44569.7
2022-03-27 10:30:24.063822,,,9.026,44569.6,,,0.426,44569.7
2022-03-27 10:30:24.096074,,,9.026,44569.6,,,0.426,44569.7
2022-03-27 10:30:24.128714,,,9.026,44569.6,,,0.426,44569.7
2022-03-27 10:30:24.161202,0.006000000000000227,2022-03-27 10:30:25.632624,9.032,44569.6,,,0.426,44569.7
2022-03-27 10:30:24.192637,0.48300000000000054,2022-03-27 10:30:26.287645,9.515,44569.6,,,0.426,44569.7
2022-03-27 10:30:24.224906,,,9.515,44569.6,,,0.346,44569.7
2022-03-27 10:30:24.256743,,,9.033,44569.6,,,0.346,44569.7
2022-03-27 10:30:24.290774,,,9.033,44569.6,,,0.346,44569.7
2022-03-27 10:30:24.322801,,,9.032,44569.6,0.0010000000000000009,2022-03-27 10:30:25.601015,0.347,44569.7
2022-03-27 10:30:24.355507,1.9849999999999994,2022-03-27 10:30:27.423580,11.017,44569.6,,,0.32,44569.7
2022-03-27 10:30:24.388889,2.8630000000000013,2022-03-27 10:30:27.936637,13.88,44569.6,,,0.32,44569.7
2022-03-27 10:30:24.423173,,,13.88,44569.6,,,0.32,44569.7
2022-03-27 10:30:24.465293,,,13.88,44569.6,,,0.32,44569.7
2022-03-27 10:30:24.491361,,,13.88,44569.6,2.0816681711721685e-17,2022-03-27 10:30:25.601015,0.277,44569.7
2022-03-27 10:30:24.526065,0.1659999999999986,2022-03-27 10:30:27.936637,14.046,44569.6,,,0.277,44569.7
2022-03-27 10:30:24.557620,0.002000000000000668,2022-03-27 10:30:27.936637,14.048,44569.6,,,0.277,44569.7
2022-03-27 10:30:24.591822,,,14.048,44569.6,,,0.246,44569.7
2022-03-27 10:30:24.629452,0.06600000000000072,2022-03-27 10:30:27.936637,14.114,44569.6,,,0.246,44569.7
2022-03-27 10:30:24.665027,,,14.042,44569.6,,,0.246,44569.7
2022-03-27 10:30:24.696861,,,14.042,44569.6,,,0.246,44569.7
2022-03-27 10:30:24.728523,,,14.042,44569.6,,,0.246,44569.7
2022-03-27 10:30:24.762081,,,14.042,44569.6,,,0.246,44569.7
2022-03-27 10:30:24.799630,,,14.042,44569.6,,,0.246,44569.7
2022-03-27 10:30:24.832096,,,14.042,44569.6,,,0.246,44569.7
2022-03-27 10:30:24.863595,,,14.042,44569.6,0.0040000000000000036,2022-03-27 10:30:25.601015,0.25,44569.7
2022-03-27 10:30:24.896788,,,8.4,44569.6,0.11199999999999999,2022-03-27 10:30:25.601015,0.362,44569.7
2022-03-27 10:30:24.928499,,,8.388,44569.6,,,0.362,44569.7
2022-03-27 10:30:24.960613,,,8.388,44569.6,,,0.231,44569.7
2022-03-27 10:30:24.992563,,,8.354,44569.6,,,0.231,44569.7
2022-03-27 10:30:25.024753,,,8.354,44569.6,,,0.231,44569.7
2022-03-27 10:30:25.061622,,,7.777,44569.6,2.18,2022-03-27 10:30:25.601015,2.411,44569.7
2022-03-27 10:30:25.095722,,,7.775,44569.6,,,0.231,44569.7
2022-03-27 10:30:25.127406,0.48299999999999876,2022-03-27 10:30:27.936637,8.258,44569.6,0.06499999999999997,2022-03-27 10:30:25.601015,0.296,44569.7
2022-03-27 10:30:25.160587,,,8.258,44569.6,2.58,2022-03-27 10:30:25.601015,2.876,44569.7
2022-03-27 10:30:25.193471,,,7.775,44569.6,,,0.296,44569.7
2022-03-27 10:30:25.225262,0.48299999999999876,2022-03-27 10:30:27.970038,8.258,44569.6,0.0030000000000000027,2022-03-27 10:30:25.601015,0.299,44569.7
2022-03-27 10:30:25.261396,,,7.775,44569.6,2.12,2022-03-27 10:30:25.601015,2.419,44569.7
2022-03-27 10:30:25.296515,,,7.775,44569.6,,,0.299,44569.7
2022-03-27 10:30:25.329492,0.48299999999999876,2022-03-27 10:30:28.433373,8.258,44569.6,,,0.299,44569.7
2022-03-27 10:30:25.361991,,,7.696,44569.6,0.11199999999999999,2022-03-27 10:30:25.601015,0.411,44569.7
2022-03-27 10:30:25.393556,,,7.696,44569.6,,,0.411,44569.7
2022-03-27 10:30:25.426514,,,6.869,44569.6,2.46,2022-03-27 10:30:25.738811,2.871,44569.7
2022-03-27 10:30:25.458688,2.1720000000000006,2022-03-27 10:30:29.768926,9.041,44569.6,,,2.871,44569.7
2022-03-27 10:30:25.491017,,,9.041,44569.6,,,0.411,44569.7
2022-03-27 10:30:25.525699,0.48299999999999876,2022-03-27 10:30:29.768926,9.524,44569.6,,,0.411,44569.7
2022-03-27 10:30:25.562707,,,9.524,44569.6,,,0.411,44569.7
2022-03-27 10:30:25.601015,0.22100000000000009,2022-03-27 10:30:29.768926,9.745,44569.6,,,0.135,44569.7
2022-03-27 10:30:25.632624,,,9.745,44569.6,,,0.135,44569.7
2022-03-27 10:30:25.672169,,,8.077,44569.6,,,0.135,44569.7
2022-03-27 10:30:25.705954,,,8.077,44569.6,,,0.135,44569.7
2022-03-27 10:30:25.738811,2.5589999999999993,2022-03-27 10:30:29.768926,10.636,44569.9,0.49000000000000005,2022-03-27 10:30:26.488681,0.075,44570.0
2022-03-27 10:30:25.772774,1.232000000000001,2022-03-27 10:30:32.710449,11.868,44569.9,,,0.075,44570.0
2022-03-27 10:30:25.807987,0.05599999999999916,2022-03-27 10:30:32.710449,11.924,44569.9,,,0.075,44570.0
2022-03-27 10:30:25.840697,,,11.924,44569.9,,,0.075,44570.0
2022-03-27 10:30:25.874805,0.120000000000001,2022-03-27 10:30:32.710449,12.044,44569.9,,,0.075,44570.0
2022-03-27 10:30:25.906635,,,12.044,44569.9,,,0.075,44570.0
2022-03-27 10:30:25.942792,,,12.044,44569.9,,,0.075,44570.0
2022-03-27 10:30:25.974495,,,12.044,44569.9,,,0.075,44570.0
2022-03-27 10:30:26.008831,,,12.044,44569.9,,,0.075,44570.0
2022-03-27 10:30:26.041417,0.0009999999999994458,2022-03-27 10:30:32.710449,12.045,44569.9,,,0.075,44570.0
2022-03-27 10:30:26.081945,0.3000000000000007,2022-03-27 10:30:32.710449,12.345,44569.9,,,0.075,44570.0
2022-03-27 10:30:26.117638,,,12.345,44569.9,,,0.075,44570.0
2022-03-27 10:30:26.150966,,,12.045,44569.9,0.0020000000000000018,2022-03-27 10:30:26.488681,0.077,44570.0
2022-03-27 10:30:26.182964,0.0730000000000004,2022-03-27 10:30:32.710449,12.118,44569.9,,,0.077,44570.0
2022-03-27 10:30:26.219543,0.04499999999999993,2022-03-27 10:30:32.710449,12.163,44569.9,,,0.077,44570.0
2022-03-27 10:30:26.253760,0.010999999999999233,2022-03-27 10:30:32.710449,12.174,44569.9,,,0.077,44570.0
2022-03-27 10:30:26.287645,,,11.952,44569.9,0.112,2022-03-27 10:30:27.091519,0.189,44570.0
2022-03-27 10:30:26.322127,,,11.952,44569.9,,,0.189,44570.0
2022-03-27 10:30:26.355135,,,11.952,44569.9,,,0.189,44570.0
2022-03-27 10:30:26.388721,0.013999999999999346,2022-03-27 10:30:32.710449,11.966,44569.9,,,0.189,44570.0
2022-03-27 10:30:26.421539,,,11.966,44569.9,,,0.189,44570.0
2022-03-27 10:30:26.457991,,,11.966,44569.9,0.05399999999999999,2022-03-27 10:30:28.530584,0.243,44570.0
2022-03-27 10:30:26.488681,,,11.622,44569.9,,,0.126,44570.0
2022-03-27 10:30:26.522887,,,11.622,44569.9,,,0.126,44570.0
2022-03-27 10:30:26.556668,0.3439999999999994,2022-03-27 10:30:32.710449,11.966,44569.9,,,0.126,44570.0
2022-03-27 10:30:26.590929,0.07600000000000051,2022-03-27 10:30:32.710449,12.042,44569.9,,,0.126,44570.0
2022-03-27 10:30:26.630044,,,11.948,44569.9,,,0.126,44570.0
2022-03-27 10:30:26.662702,,,11.948,44569.9,,,0.126,44570.0
2022-03-27 10:30:26.696700,,,11.948,44569.9,,,0.126,44570.0
2022-03-27 10:30:26.728480,,,11.948,44569.9,,,0.126,44570.0
2022-03-27 10:30:26.761201,,,11.948,44569.9,,,0.126,44570.0
2022-03-27 10:30:26.792891,,,11.948,44569.9,,,0.121,44570.0
2022-03-27 10:30:26.827394,,,11.948,44569.9,,,0.121,44570.0
2022-03-27 10:30:26.861500,,,11.948,44569.9,,,0.121,44570.0
2022-03-27 10:30:26.895817,,,11.948,44569.9,,,0.121,44570.0
2022-03-27 10:30:26.928714,,,11.948,44569.9,,,0.121,44570.0
2022-03-27 10:30:26.960682,,,10.748,44569.9,,,0.121,44570.0
2022-03-27 10:30:26.992994,,,10.748,44569.9,,,0.121,44570.0
2022-03-27 10:30:27.025105,,,10.748,44569.9,,,0.121,44570.0
2022-03-27 10:30:27.056525,0.3000000000000007,2022-03-27 10:30:32.710449,11.048,44569.9,,,0.056,44570.0
2022-03-27 10:30:27.091519,,,10.823,44569.9,0.023,2022-03-27 10:30:28.232623,0.063,44570.0
2022-03-27 10:30:27.124726,,,10.823,44569.9,,,0.063,44570.0
2022-03-27 10:30:27.156667,,,10.823,44569.9,,,0.063,44570.0
2022-03-27 10:30:27.188447,0.0019999999999988916,2022-03-27 10:30:32.710449,10.825,44569.9,,,0.063,44570.0
2022-03-27 10:30:27.222389,0.03500000000000014,2022-03-27 10:30:32.710449,10.86,44569.9,,,0.063,44570.0
2022-03-27 10:30:27.255425,0.0030000000000001137,2022-03-27 10:30:32.710449,10.863,44569.9,,,0.063,44570.0
2022-03-27 10:30:27.288807,,,10.863,44569.9,,,0.063,44570.0
2022-03-27 10:30:27.322395,,,10.863,44569.9,,,0.063,44570.0
2022-03-27 10:30:27.355411,,,10.863,44569.9,,,0.063,44570.0
2022-03-27 10:30:27.391685,,,10.731,44569.9,,,0.063,44570.0
2022-03-27 10:30:27.423580,0.1499999999999999,2022-03-27 10:30:32.710449,10.869,44569.9,,,0.063,44570.0
2022-03-27 10:30:27.455923,,,10.869,44569.9,,,0.063,44570.0
2022-03-27 10:30:27.489741,,,10.869,44569.9,,,0.063,44570.0
2022-03-27 10:30:27.523906,,,10.869,44569.9,,,0.063,44570.0
2022-03-27 10:30:27.556766,,,10.869,44569.9,,,0.063,44570.0
2022-03-27 10:30:27.594529,,,10.869,44569.9,,,0.063,44570.0
2022-03-27 10:30:27.629033,,,10.869,44569.9,,,0.063,44570.0
2022-03-27 10:30:27.660564,0.3000000000000007,2022-03-27 10:30:32.710449,11.169,44569.9,,,0.063,44570.0
2022-03-27 10:30:27.693630,,,11.169,44569.9,,,0.04,44570.0
2022-03-27 10:30:27.725554,,,11.169,44569.9,,,0.04,44570.0
2022-03-27 10:30:27.760042,,,11.169,44569.9,,,0.04,44570.0
2022-03-27 10:30:27.793027,,,11.086,44569.9,,,0.04,44570.0
2022-03-27 10:30:27.831681,,,11.086,44569.9,,,0.04,44570.0
2022-03-27 10:30:27.864543,,,11.086,44569.9,0.0029999999999999957,2022-03-27 10:30:28.232623,0.043,44570.0
2022-03-27 10:30:27.899788,,,11.086,44569.9,,,0.043,44570.0
2022-03-27 10:30:27.936637,,,8.561,44569.9,,,0.043,44570.0
2022-03-27 10:30:27.970038,,,8.451,44569.9,,,0.043,44570.0
2022-03-27 10:30:28.004562,,,8.449,44569.9,,,0.043,44570.0
2022-03-27 10:30:28.036877,,,8.449,44569.9,,,0.043,44570.0
2022-03-27 10:30:28.069263,,,8.449,44569.9,,,0.043,44570.0
2022-03-27 10:30:28.100664,,,8.449,44569.9,0.112,2022-03-27 10:30:28.530584,0.155,44570.0
2022-03-27 10:30:28.139513,,,8.449,44569.9,,,0.155,44570.0
2022-03-27 10:30:28.168691,,,7.966,44569.9,,,0.155,44570.0
2022-03-27 10:30:28.200544,0.34199999999999964,2022-03-27 10:30:32.710449,8.308,44569.9,,,0.154,44570.0
2022-03-27 10:30:28.232623,,,8.242,44569.9,,,0.042,44570.0
2022-03-27 10:30:28.268745,,,8.242,44569.9,,,0.042,44570.0
2022-03-27 10:30:28.302062,,,8.242,44569.9,0.000999999999999994,2022-03-27 10:30:28.530584,0.043,44570.0
2022-03-27 10:30:28.333417,0.004999999999999005,2022-03-27 10:30:32.710449,8.247,44569.9,,,0.043,44570.0
2022-03-27 10:30:28.366503,,,8.247,44569.9,,,0.043,44570.0
2022-03-27 10:30:28.399487,,,8.247,44569.9,,,0.043,44570.0
2022-03-27 10:30:28.433373,0.016999999999999793,2022-03-27 10:30:32.710449,8.132,44569.9,,,0.043,44570.0
2022-03-27 10:30:28.465506,,,8.127,44569.9,,,0.043,44570.0
2022-03-27 10:30:28.498640,,,8.127,44569.9,,,0.043,44570.0
2022-03-27 10:30:28.530584,0.6440000000000001,2022-03-27 10:30:32.710449,8.771,44570.1,0.0010000000000000009,2022-03-27 10:30:28.938483,0.001,44570.2
2022-03-27 10:30:28.563601,2.096,2022-03-27 10:30:32.710449,10.867,44570.1,,,0.001,44570.2
2022-03-27 10:30:28.598906,,,10.867,44570.1,,,0.001,44570.2
2022-03-27 10:30:28.631611,,,10.867,44570.1,,,0.001,44570.2
2022-03-27 10:30:28.664602,,,10.867,44570.1,,,0.001,44570.2
2022-03-27 10:30:28.700453,0.045999999999999375,2022-03-27 10:30:32.710449,10.913,44570.1,,,0.001,44570.2
2022-03-27 10:30:28.732594,0.1349999999999998,2022-03-27 10:30:32.710449,11.048,44570.1,,,0.001,44570.2
2022-03-27 10:30:28.768681,0.013999999999999346,2022-03-27 10:30:32.710449,11.062,44570.1,,,0.001,44570.2
2022-03-27 10:30:28.802474,0.019000000000000128,2022-03-27 10:30:32.710449,11.081,44570.1,,,0.001,44570.2
2022-03-27 10:30:28.836427,,,11.081,44570.1,,,0.001,44570.2
2022-03-27 10:30:28.873584,,,11.081,44570.1,,,0.001,44570.2
2022-03-27 10:30:28.905737,,,11.081,44570.1,,,0.001,44570.2
2022-03-27 10:30:28.938483,,,6.848,44570.9,0.123,2022-03-27 10:30:29.368914,0.041,44571.0
2022-03-27 10:30:28.970588,,,6.784,44570.9,3.285,2022-03-27 10:30:29.368914,3.326,44571.0
2022-03-27 10:30:29.002957,0.03300000000000036,2022-03-27 10:30:32.710449,6.817,44570.9,,,3.326,44571.0
2022-03-27 10:30:29.034666,,,6.817,44570.9,,,1.264,44571.0
2022-03-27 10:30:29.069168,,,6.817,44570.9,2.542,2022-03-27 10:30:29.368914,3.806,44571.0
2022-03-27 10:30:29.100693,2.430999999999999,2022-03-27 10:30:32.710449,9.248,44570.9,,,3.806,44571.0
2022-03-27 10:30:29.136883,0.004000000000001336,2022-03-27 10:30:32.710449,9.252,44570.9,,,1.326,44571.0
2022-03-27 10:30:29.165646,,,8.876,44570.9,,,1.326,44571.0
2022-03-27 10:30:29.197887,0.006000000000000227,2022-03-27 10:30:32.710449,8.882,44570.9,,,1.326,44571.0
2022-03-27 10:30:29.233666,0.041999999999999815,2022-03-27 10:30:32.710449,8.924,44570.9,,,1.326,44571.0
2022-03-27 10:30:29.265808,0.1330000000000009,2022-03-27 10:30:32.710449,9.057,44570.9,2.34,2022-03-27 10:30:30.887439,3.666,44571.0
2022-03-27 10:30:29.300531,0.05400000000000027,2022-03-27 10:30:32.710449,9.111,44570.9,,,1.326,44571.0
2022-03-27 10:30:29.332468,,,9.111,44570.9,,,1.326,44571.0
2022-03-27 10:30:29.368914,0.008999999999998565,2022-03-27 10:30:32.710449,9.12,44570.9,,,1.287,44571.0
2022-03-27 10:30:29.403645,,,9.12,44570.9,,,1.287,44571.0
2022-03-27 10:30:29.437709,,,9.12,44570.9,,,1.287,44571.0
2022-03-27 10:30:29.470917,,,9.058,44570.9,0.0010000000000000703,2022-03-27 10:30:30.887439,1.234,44571.0
2022-03-27 10:30:29.502555,0.09399999999999942,2022-03-27 10:30:32.710449,9.152,44570.9,,,1.234,44571.0
2022-03-27 10:30:29.536654,,,9.152,44570.9,,,1.234,44571.0
2022-03-27 10:30:29.568995,,,9.152,44570.9,1.0061396160665481e-16,2022-03-27 10:30:30.887439,1.223,44571.0
2022-03-27 10:30:29.600771,0.0010000000000012221,2022-03-27 10:30:32.710449,9.153,44570.9,,,1.223,44571.0
2022-03-27 10:30:29.634447,0.0019999999999988916,2022-03-27 10:30:32.710449,9.155,44570.9,,,1.223,44571.0
2022-03-27 10:30:29.668457,0.2740000000000009,2022-03-27 10:30:32.710449,9.429,44570.9,,,1.153,44571.0
2022-03-27 10:30:29.701639,,,9.429,44570.9,0.0689999999999999,2022-03-27 10:30:30.887439,1.152,44571.0
2022-03-27 10:30:29.736694,,,9.429,44570.9,,,1.152,44571.0
2022-03-27 10:30:29.768926,,,9.15,44570.9,2.08,2022-03-27 10:30:30.887439,3.232,44571.0
2022-03-27 10:30:29.805710,,,9.15,44570.9,,,3.171,44571.0
2022-03-27 10:30:29.838964,,,9.15,44570.9,,,3.171,44571.0
2022-03-27 10:30:29.873399,,,9.15,44570.9,0.06100000000000039,2022-03-27 10:30:30.887439,3.232,44571.0
2022-03-27 10:30:29.911150,,,9.15,44570.9,,,1.091,44571.0
2022-03-27 10:30:29.942825,0.0019999999999988916,2022-03-27 10:30:32.710449,9.152,44570.9,,,1.091,44571.0
2022-03-27 10:30:29.978343,,,9.152,44570.9,2.0200000000000005,2022-03-27 10:30:30.887439,3.111,44571.0
2022-03-27 10:30:30.012147,,,9.151,44570.9,,,1.152,44571.0
2022-03-27 10:30:30.045649,,,9.151,44570.9,,,1.152,44571.0
2022-03-27 10:30:30.079273,0.40700000000000003,2022-03-27 10:30:32.710449,9.558,44570.9,,,0.085,44571.0
2022-03-27 10:30:30.114948,,,9.558,44570.9,,,0.024,44571.0
2022-03-27 10:30:30.151074,,,9.558,44570.9,,,0.024,44571.0
2022-03-27 10:30:30.181774,,,9.558,44570.9,,,0.024,44571.0
2022-03-27 10:30:30.219617,,,7.386,44570.9,,,0.024,44571.0
2022-03-27 10:30:30.251494,,,7.386,44570.9,,,0.024,44571.0
2022-03-27 10:30:30.285631,,,7.386,44570.9,,,0.024,44571.0
2022-03-27 10:30:30.317437,,,7.386,44570.9,,,0.024,44571.0
2022-03-27 10:30:30.351754,,,7.386,44570.9,,,0.024,44571.0
2022-03-27 10:30:30.386454,,,7.386,44570.9,,,0.024,44571.0
2022-03-27 10:30:30.421652,,,7.386,44570.9,,,0.024,44571.0
2022-03-27 10:30:30.455039,,,7.386,44570.9,,,0.024,44571.0
2022-03-27 10:30:30.486625,,,7.319,44570.9,2.101,2022-03-27 10:30:30.887439,2.125,44571.0
2022-03-27 10:30:30.519645,2.2329999999999997,2022-03-27 10:30:32.710449,9.552,44570.9,1.6600000000000001,2022-03-27 10:30:30.887439,3.785,44571.0
2022-03-27 10:30:30.552722,,,9.454,44570.9,0.03699999999999992,2022-03-27 10:30:30.887439,3.822,44571.0
2022-03-27 10:30:30.584623,0.06099999999999994,2022-03-27 10:30:32.710449,9.515,44570.9,,,3.822,44571.0
2022-03-27 10:30:30.616890,,,9.515,44570.9,,,1.322,44571.0
2022-03-27 10:30:30.654078,,,9.454,44570.9,2.359,2022-03-27 10:30:31.224202,3.681,44571.0
2022-03-27 10:30:30.685332,,,8.879,44570.9,0.08000000000000007,2022-03-27 10:30:31.756053,3.761,44571.0
2022-03-27 10:30:30.719587,,,8.879,44570.9,,,1.341,44571.0
2022-03-27 10:30:30.751573,,,8.879,44570.9,0.06099999999999994,2022-03-27 10:30:31.224202,1.402,44571.0
2022-03-27 10:30:30.785960,,,8.879,44570.9,,,1.402,44571.0
2022-03-27 10:30:30.817535,,,8.879,44570.9,,,1.402,44571.0
2022-03-27 10:30:30.855670,0.03700000000000081,2022-03-27 10:30:32.710449,8.916,44570.9,,,1.402,44571.0
2022-03-27 10:30:30.887439,,,8.916,44570.9,1.942890293094024e-16,2022-03-27 10:30:31.224202,1.372,44571.0
2022-03-27 10:30:30.920532,,,8.907,44570.9,,,1.372,44571.0
2022-03-27 10:30:30.955689,,,8.907,44570.9,0.022999999999999795,2022-03-27 10:30:31.224202,1.39,44571.0
2022-03-27 10:30:30.989567,,,8.87,44570.9,,,1.39,44571.0
2022-03-27 10:30:31.024523,,,8.87,44570.9,1.1015494072452725e-16,2022-03-27 10:30:31.224202,1.389,44571.0
2022-03-27 10:30:31.057626,,,8.87,44570.9,1.252,2022-03-27 10:30:31.224202,2.641,44571.0
2022-03-27 10:30:31.089701,,,8.809,44570.9,,,2.641,44571.0
2022-03-27 10:30:31.122793,0.09800000000000075,2022-03-27 10:30:32.710449,8.907,44570.9,,,0.201,44571.0
2022-03-27 10:30:31.155875,0.7720000000000002,2022-03-27 10:30:32.710449,9.679,44570.9,,,0.003,44571.0
2022-03-27 10:30:31.188758,,,9.679,44570.9,,,0.003,44571.0
2022-03-27 10:30:31.224202,,,0.075,44571.1,0.004,2022-03-27 10:30:31.756053,0.004,44571.2
2022-03-27 10:30:31.259178,2.526,2022-03-27 10:30:32.710449,2.601,44571.2,0.095,2022-03-27 10:30:31.756053,0.08,44571.3
2022-03-27 10:30:31.293464,0.11699999999999999,2022-03-27 10:30:32.710449,2.718,44571.2,0.037000000000000005,2022-03-27 10:30:31.756053,0.117,44571.3
2022-03-27 10:30:31.327080,,,2.68,44571.2,2.26,2022-03-27 10:30:31.931871,2.377,44571.3
2022-03-27 10:30:31.359758,0.01399999999999979,2022-03-27 10:30:32.710449,2.694,44571.2,,,2.377,44571.3
2022-03-27 10:30:31.391766,,,2.694,44571.2,,,2.377,44571.3
2022-03-27 10:30:31.423658,2.8179999999999996,2022-03-27 10:30:33.248588,5.512,44571.2,,,0.194,44571.3
2022-03-27 10:30:31.457874,,,5.512,44571.2,,,0.194,44571.3
2022-03-27 10:30:31.490249,,,5.462,44571.2,0.009999999999999981,2022-03-27 10:30:31.931871,0.204,44571.3
2022-03-27 10:30:31.522646,,,3.504,44571.2,,,0.204,44571.3
2022-03-27 10:30:31.556326,,,3.504,44571.2,2.6799999999999997,2022-03-27 10:30:31.931871,2.884,44571.3
2022-03-27 10:30:31.589075,,,3.329,44571.2,2.103,2022-03-27 10:30:32.607077,4.987,44571.3
2022-03-27 10:30:31.620444,,,3.329,44571.2,,,4.936,44571.3
2022-03-27 10:30:31.654610,2.182,2022-03-27 10:30:33.584547,5.511,44571.2,0.006999999999999673,2022-03-27 10:30:32.607077,4.943,44571.3
2022-03-27 10:30:31.688685,0.06099999999999994,2022-03-27 10:30:33.584547,5.572,44571.2,,,4.943,44571.3
2022-03-27 10:30:31.720468,0.4059999999999997,2022-03-27 10:30:33.584547,5.978,44571.2,,,4.943,44571.3
2022-03-27 10:30:31.756053,0.041999999999999815,2022-03-27 10:30:33.584547,6.02,44571.2,,,4.869,44571.3
2022-03-27 10:30:31.788039,0.008000000000000007,2022-03-27 10:30:33.584547,6.028,44571.2,0.2549999999999999,2022-03-27 10:30:32.607077,5.124,44571.3
2022-03-27 10:30:31.822383,,,6.028,44571.2,,,3.924,44571.3
2022-03-27 10:30:31.863857,,,6.028,44571.2,,,3.864,44571.3
2022-03-27 10:30:31.899821,0.1900000000000004,2022-03-27 10:30:33.584547,6.218,44571.2,,,1.784,44571.3
2022-03-27 10:30:31.931871,,,6.218,44571.2,,,1.522,44571.3
2022-03-27 10:30:31.963575,,,6.13,44571.2,0.04299999999999993,2022-03-27 10:30:32.607077,1.565,44571.3
2022-03-27 10:30:31.998357,,,6.13,44571.2,,,1.565,44571.3
2022-03-27 10:30:32.031142,0.42100000000000026,2022-03-27 10:30:33.584547,6.551,44571.2,,,1.53,44571.3
2022-03-27 10:30:32.065284,0.05999999999999961,2022-03-27 10:30:33.584547,6.611,44571.2,,,1.453,44571.3
2022-03-27 10:30:32.098734,,,6.509,44571.2,,,1.074,44571.3
2022-03-27 10:30:32.152070,,,6.509,44571.2,,,1.074,44571.3
2022-03-27 10:30:32.165252,0.0009999999999994458,2022-03-27 10:30:33.584547,6.51,44571.2,2.34,2022-03-27 10:30:33.716814,3.414,44571.3
2022-03-27 10:30:32.200683,0.016000000000000014,2022-03-27 10:30:33.584547,6.526,44571.2,,,1.074,44571.3
2022-03-27 10:30:32.234335,,,6.526,44571.2,,,1.074,44571.3
2022-03-27 10:30:32.270025,,,6.526,44571.2,,,1.074,44571.3
2022-03-27 10:30:32.305381,0.004999999999999893,2022-03-27 10:30:34.282828,6.531,44571.2,,,0.103,44571.3
2022-03-27 10:30:32.337422,,,4.359,44571.2,,,0.103,44571.3
2022-03-27 10:30:32.371148,,,4.359,44571.2,,,0.103,44571.3
2022-03-27 10:30:32.405098,,,4.359,44571.2,,,0.103,44571.3
2022-03-27 10:30:32.438949,,,4.359,44571.2,,,0.103,44571.3
2022-03-27 10:30:32.470848,,,4.359,44571.2,,,0.103,44571.3
2022-03-27 10:30:32.506159,,,4.359,44571.2,,,0.103,44571.3
2022-03-27 10:30:32.538714,,,4.359,44571.2,,,0.103,44571.3
2022-03-27 10:30:32.571581,0.10200000000000031,2022-03-27 10:30:33.584547,4.461,44571.2,,,0.103,44571.3
2022-03-27 10:30:32.607077,2.792,2022-03-27 10:30:34.282828,7.253,44571.3,0.17600000000000002,2022-03-27 10:30:33.515943,0.241,44571.4
2022-03-27 10:30:32.639400,0.43900000000000006,2022-03-27 10:30:34.282828,7.692,44571.3,0.02300000000000002,2022-03-27 10:30:33.515943,0.264,44571.4
2022-03-27 10:30:32.674557,0.011999999999999567,2022-03-27 10:30:34.282828,7.704,44571.3,,,0.264,44571.4
2022-03-27 10:30:32.710449,0.11199999999999993,2022-03-27 10:30:34.282828,7.616,44571.3,0.11199999999999999,2022-03-27 10:30:33.515943,0.376,44571.4
2022-03-27 10:30:32.742811,0.04600000000000026,2022-03-27 10:30:34.282828,7.662,44571.3,,,0.376,44571.4
2022-03-27 10:30:32.778778,0.06200000000000028,2022-03-27 10:30:34.282828,7.724,44571.3,,,0.376,44571.4
2022-03-27 10:30:32.814117,0.04800000000000004,2022-03-27 10:30:34.282828,7.772,44571.3,,,0.376,44571.4
2022-03-27 10:30:32.847771,0.005999999999999339,2022-03-27 10:30:34.282828,7.778,44571.3,,,0.376,44571.4
2022-03-27 10:30:32.881515,,,7.187,44571.3,1.2000000000000002,2022-03-27 10:30:33.515943,1.576,44571.4
2022-03-27 10:30:32.913726,0.3439999999999994,2022-03-27 10:30:34.282828,7.531,44571.3,,,1.576,44571.4
2022-03-27 10:30:32.945400,2.1630000000000003,2022-03-27 10:30:34.416134,9.66,44571.3,,,1.576,44571.4
2022-03-27 10:30:32.977553,0.0009999999999994458,2022-03-27 10:30:34.416134,9.661,44571.3,,,1.576,44571.4
2022-03-27 10:30:33.010532,0.006000000000000227,2022-03-27 10:30:34.416134,9.667,44571.3,,,1.576,44571.4
2022-03-27 10:30:33.043453,,,9.5,44571.3,0.06099999999999994,2022-03-27 10:30:33.515943,1.637,44571.4
2022-03-27 10:30:33.081856,,,9.5,44571.3,,,1.637,44571.4
2022-03-27 10:30:33.115626,0.3439999999999994,2022-03-27 10:30:34.416134,9.844,44571.3,,,1.637,44571.4
2022-03-27 10:30:33.153957,,,9.844,44571.3,,,1.637,44571.4
2022-03-27 10:30:33.183504,,,9.5,44571.3,,,1.637,44571.4
2022-03-27 10:30:33.216697,,,9.5,44571.3,,,1.637,44571.4
2022-03-27 10:30:33.248588,0.7430000000000009,2022-03-27 10:30:34.416134,10.242,44571.3,,,1.637,44571.4
2022-03-27 10:30:33.281627,,,10.242,44571.3,1.041,2022-03-27 10:30:33.716814,2.678,44571.4
2022-03-27 10:30:33.315427,0.0009999999999994458,2022-03-27 10:30:34.416134,10.243,44571.3,,,2.678,44571.4
2022-03-27 10:30:33.348307,0.009000000000000341,2022-03-27 10:30:34.416134,10.252,44571.3,0.0030000000000001137,2022-03-27 10:30:33.716814,2.681,44571.4
2022-03-27 10:30:33.380485,,,9.846,44571.3,,,2.681,44571.4
2022-03-27 10:30:33.412643,,,9.446,44571.3,,,2.681,44571.4
2022-03-27 10:30:33.445495,,,8.284,44571.3,2.457,2022-03-27 10:30:33.716814,5.138,44571.4
2022-03-27 10:30:33.479998,,,7.818,44571.3,,,5.138,44571.4
2022-03-27 10:30:33.515943,,,7.439,44571.3,,,2.765,44571.4
2022-03-27 10:30:33.551996,0.40000000000000036,2022-03-27 10:30:34.447025,7.839,44571.3,2.1999999999999997,2022-03-27 10:30:34.251053,4.965,44571.4
2022-03-27 10:30:33.584547,,,7.241,44571.3,3.4669999999999996,2022-03-27 10:30:34.576248,8.43,44571.4
2022-03-27 10:30:33.619828,,,7.164,44571.3,0.9969999999999999,2022-03-27 10:30:34.576248,9.427,44571.4
2022-03-27 10:30:33.651375,,,7.164,44571.3,,,8.164,44571.4
2022-03-27 10:30:33.683876,,,7.164,44571.3,,,6.155,44571.4
2022-03-27 10:30:33.716814,,,7.164,44571.3,,,6.135,44571.4
2022-03-27 10:30:33.748790,,,7.164,44571.3,,,6.135,44571.4
2022-03-27 10:30:33.783554,,,7.164,44571.3,,,6.134,44571.4
2022-03-27 10:30:33.815859,,,7.164,44571.3,,,4.123,44571.4
2022-03-27 10:30:33.847908,,,7.164,44571.3,,,4.117,44571.4
2022-03-27 10:30:33.881485,0.002000000000000668,2022-03-27 10:30:34.416134,7.166,44571.3,,,4.117,44571.4
2022-03-27 10:30:33.917595,,,7.166,44571.3,,,4.117,44571.4
2022-03-27 10:30:33.950565,,,7.166,44571.3,,,4.117,44571.4
2022-03-27 10:30:33.982978,0.0009999999999994458,2022-03-27 10:30:34.416134,7.167,44571.3,,,4.117,44571.4
2022-03-27 10:30:34.016644,,,7.167,44571.3,,,4.117,44571.4
2022-03-27 10:30:34.050758,,,7.167,44571.3,,,4.117,44571.4
2022-03-27 10:30:34.083101,,,7.167,44571.3,,,4.117,44571.4
2022-03-27 10:30:34.116575,,,7.167,44571.3,0.0940000000000003,2022-03-27 10:30:34.576248,4.211,44571.4
2022-03-27 10:30:34.148395,8.673617379884035e-17,2022-03-27 10:30:34.416134,7.138,44571.3,2.3599999999999994,2022-03-27 10:30:34.576248,6.571,44571.4
2022-03-27 10:30:34.185663,,,7.09,44571.3,0.05200000000000049,2022-03-27 10:30:34.576248,6.623,44571.4
2022-03-27 10:30:34.218669,,,6.84,44571.3,1.3149999999999995,2022-03-27 10:30:34.576248,7.938,44571.4
2022-03-27 10:30:34.251053,,,4.39,44571.3,2.243,2022-03-27 10:30:34.576248,10.164,44571.4
2022-03-27 10:30:34.282828,,,3.149,44571.3,1.205,2022-03-27 10:30:34.576248,11.369,44571.4
2022-03-27 10:30:34.316466,,,3.088,44571.3,0.02200000000000024,2022-03-27 10:30:34.576248,11.391,44571.4
2022-03-27 10:30:34.347810,0.020999999999999908,2022-03-27 10:30:34.416134,3.109,44571.3,,,11.381,44571.4
2022-03-27 10:30:34.380102,0.061000000000000054,2022-03-27 10:30:36.173508,3.169,44571.3,,,11.381,44571.4
2022-03-27 10:30:34.416134,,,0.002,44570.9,,,1.118,44571.2
2022-03-27 10:30:34.447025,,,0.002,44570.9,17.688000000000002,2022-03-27 10:30:35.322136,18.806,44571.0
2022-03-27 10:30:34.480851,0.316,2022-03-27 10:30:34.576248,0.009,44568.0,,,8.265,44568.1
2022-03-27 10:30:34.512333,0.015,2022-03-27 10:30:34.576248,0.023,44567.6,,,0.07,44567.9
2022-03-27 10:30:34.542922,,,0.011,44567.3,3.136,2022-03-27 10:30:34.772687,3.206,44567.4
2022-03-27 10:30:34.576248,0.013000000000000001,2022-03-27 10:30:34.640496,0.001,44565.6,,,0.075,44565.7
2022-03-27 10:30:34.607992,0.44,2022-03-27 10:30:34.740953,0.424,44565.6,17.469,2022-03-27 10:30:36.100239,17.544,44565.7
2022-03-27 10:30:34.640496,,,0.001,44565.0,,,10.399,44565.1
2022-03-27 10:30:34.673088,0.4,2022-03-27 10:30:35.391897,0.401,44565.0,7.529999999999999,2022-03-27 10:30:36.100239,17.929,44565.1
2022-03-27 10:30:34.706917,,,0.161,44565.0,0.559000000000001,2022-03-27 10:30:36.100239,18.488,44565.1
2022-03-27 10:30:34.740953,,,0.161,44565.0,0.5330000000000013,2022-03-27 10:30:36.100239,19.021,44565.1
2022-03-27 10:30:34.772687,,,0.161,44565.0,0.07000000000000048,2022-03-27 10:30:36.100239,19.065,44565.1
2022-03-27 10:30:34.805861,,,0.161,44565.0,,,18.948,44565.1
2022-03-27 10:30:34.838165,,,0.161,44565.0,0.012999999999998665,2022-03-27 10:30:36.100239,18.944,44565.1
2022-03-27 10:30:34.870893,,,0.161,44565.0,,,18.944,44565.1
2022-03-27 10:30:34.902728,,,0.161,44565.0,0.0020000000000024443,2022-03-27 10:30:36.100239,18.946,44565.1
2022-03-27 10:30:34.935983,,,0.161,44565.0,,,18.946,44565.1
2022-03-27 10:30:34.969039,,,0.161,44565.0,,,18.946,44565.1
2022-03-27 10:30:35.000732,,,0.161,44565.0,,,18.946,44565.1
2022-03-27 10:30:35.034868,,,0.161,44565.0,,,18.946,44565.1
2022-03-27 10:30:35.068366,,,0.161,44565.0,,,18.946,44565.1
2022-03-27 10:30:35.101468,0.013999999999999985,2022-03-27 10:30:35.391897,0.175,44565.0,,,18.946,44565.1
2022-03-27 10:30:35.162954,,,0.175,44565.0,,,18.946,44565.1
2022-03-27 10:30:35.169103,,,0.175,44565.0,,,18.946,44565.1
2022-03-27 10:30:35.206809,,,0.175,44565.0,,,18.946,44565.1
2022-03-27 10:30:35.238621,,,0.175,44565.0,,,18.946,44565.1
2022-03-27 10:30:35.273698,,,0.175,44565.0,,,18.935,44565.1
2022-03-27 10:30:35.322136,,,0.175,44565.0,,,18.535,44565.1
2022-03-27 10:30:35.356024,,,0.124,44565.0,0.09199999999999986,2022-03-27 10:30:36.100239,18.625,44565.1
2022-03-27 10:30:35.391897,0.196,2022-03-27 10:30:35.623705,0.189,44564.4,4.457000000000001,2022-03-27 10:30:36.100239,23.082,44564.5
2022-03-27 10:30:35.425317,,,0.18,44564.4,0.8759999999999977,2022-03-27 10:30:36.100239,23.958,44564.5
2022-03-27 10:30:35.457095,6.938893903907228e-18,2022-03-27 10:30:35.623705,0.157,44564.4,0.0470000000000006,2022-03-27 10:30:36.100239,24.005,44564.5
2022-03-27 10:30:35.490384,,,0.157,44564.4,0.0020000000000024443,2022-03-27 10:30:36.100239,24.007,44564.5
2022-03-27 10:30:35.523570,,,0.157,44564.4,,,23.917,44564.5
2022-03-27 10:30:35.555615,,,0.153,44564.4,,,23.914,44564.5
2022-03-27 10:30:35.589392,0.02700000000000001,2022-03-27 10:30:36.173508,0.165,44564.4,,,23.914,44564.5
2022-03-27 10:30:35.623705,0.0009999999999999731,2022-03-27 10:30:35.893831,0.001,44563.5,,,18.924,44563.6
2022-03-27 10:30:35.655900,,,0.001,44563.5,4.850999999999999,2022-03-27 10:30:36.667444,23.775,44563.6
2022-03-27 10:30:35.687801,,,0.001,44563.5,3.9770000000000025,2022-03-27 10:30:36.667444,27.751,44563.6
2022-03-27 10:30:35.719825,,,0.001,44563.5,,,27.653,44563.6
2022-03-27 10:30:35.753551,,,0.001,44563.5,0.022999999999999687,2022-03-27 10:30:36.667444,27.676,44563.6
2022-03-27 10:30:35.787370,,,0.001,44563.5,,,27.176,44563.6
2022-03-27 10:30:35.824095,,,0.001,44563.5,,,27.176,44563.6
2022-03-27 10:30:35.860741,,,0.001,44563.5,,,27.176,44563.6
2022-03-27 10:30:35.893831,3.188,2022-03-27 10:30:36.407531,3.107,44561.5,,,8.651,44561.6
2022-03-27 10:30:35.927932,0.6239999999999997,2022-03-27 10:30:36.634766,3.731,44561.5,7.5169999999999995,2022-03-27 10:30:38.322824,16.168,44561.6
2022-03-27 10:30:35.962562,,,3.731,44561.5,0.3910000000000018,2022-03-27 10:30:38.322824,16.559,44561.6
2022-03-27 10:30:35.997390,0.18000000000000016,2022-03-27 10:30:36.634766,3.911,44561.5,0.0019999999999988916,2022-03-27 10:30:38.322824,16.561,44561.6
2022-03-27 10:30:36.029122,,,3.821,44561.5,,,16.381,44561.6
2022-03-27 10:30:36.061764,,,3.821,44561.5,,,15.147,44561.6
2022-03-27 10:30:36.100239,0.48999999999999977,2022-03-27 10:30:36.634766,4.311,44561.5,1.1799999999999988,2022-03-27 10:30:38.322824,16.319,44561.6
2022-03-27 10:30:36.153033,,,4.221,44561.5,1.0670000000000002,2022-03-27 10:30:39.326786,17.386,44561.6
2022-03-27 10:30:36.173508,,,3.54,44561.5,0.48400000000000176,2022-03-27 10:30:39.326786,17.87,44561.6
2022-03-27 10:30:36.207695,,,1.114,44561.5,0.41299999999999976,2022-03-27 10:30:39.326786,18.239,44561.6
2022-03-27 10:30:36.240302,,,1.114,44561.5,,,18.202,44561.6
2022-03-27 10:30:36.273377,0.010999999999999899,2022-03-27 10:30:36.634766,1.125,44561.5,,,18.202,44561.6
2022-03-27 10:30:36.307894,,,1.125,44561.5,0.07699999999999818,2022-03-27 10:30:39.326786,18.279,44561.6
2022-03-27 10:30:36.341619,,,1.125,44561.5,,,17.691,44561.6
2022-03-27 10:30:36.373723,,,1.125,44561.5,,,17.568,44561.6
2022-03-27 10:30:36.407531,1.1015494072452725e-16,2022-03-27 10:30:36.634766,1.124,44561.5,,,15.071,44561.6
2022-03-27 10:30:36.440647,,,1.124,44561.5,,,13.02,44561.6
2022-03-27 10:30:36.473882,,,1.124,44561.5,,,11.725,44561.6
2022-03-27 10:30:36.506788,4.068,2022-03-27 10:30:38.015030,5.192,44561.5,,,9.919,44561.6
2022-03-27 10:30:36.539674,,,5.192,44561.5,,,9.817,44561.6
2022-03-27 10:30:36.570896,0.08999999999999986,2022-03-27 10:30:38.015030,5.282,44561.5,,,9.317,44561.6
2022-03-27 10:30:36.603161,,,4.035,44561.5,,,8.772,44561.6
2022-03-27 10:30:36.634766,1.1509999999999996,2022-03-27 10:30:38.015030,5.183,44561.5,,,8.772,44561.6
2022-03-27 10:30:36.667444,,,5.183,44561.5,,,8.723,44561.6
2022-03-27 10:30:36.701986,,,5.093,44561.5,,,8.723,44561.6
2022-03-27 10:30:36.735697,,,5.093,44561.5,0.0019999999999988916,2022-03-27 10:30:39.326786,8.725,44561.6
2022-03-27 10:30:36.768860,,,5.09,44561.5,,,8.725,44561.6
2022-03-27 10:30:36.802994,,,5.09,44561.5,,,8.723,44561.6
2022-03-27 10:30:36.837112,,,5.09,44561.5,,,8.723,44561.6
2022-03-27 10:30:36.869334,,,5.09,44561.5,,,8.723,44561.6
2022-03-27 10:30:36.902546,,,5.09,44561.5,,,8.723,44561.6
2022-03-27 10:30:36.935674,,,5.09,44561.5,,,8.723,44561.6
2022-03-27 10:30:36.970748,,,5.09,44561.5,,,8.723,44561.6
2022-03-27 10:30:37.003101,,,5.09,44561.5,,,8.723,44561.6
2022-03-27 10:30:37.037899,,,5.09,44561.5,,,8.723,44561.6
2022-03-27 10:30:37.069546,,,4.6,44561.5,,,8.723,44561.6
2022-03-27 10:30:37.102004,,,4.6,44561.5,,,8.663,44561.6
2022-03-27 10:30:37.152227,,,4.6,44561.5,,,8.663,44561.6
2022-03-27 10:30:37.170734,,,4.6,44561.5,0.0600000000000005,2022-03-27 10:30:39.326786,8.723,44561.6
2022-03-27 10:30:37.202597,,,1.95,44561.5,0.0009999999999994458,2022-03-27 10:30:39.326786,8.724,44561.6
2022-03-27 10:30:37.235970,2.675,2022-03-27 10:30:38.322824,4.625,44561.5,,,7.686,44561.6
2022-03-27 10:30:37.268581,0.40000000000000036,2022-03-27 10:30:38.322824,5.025,44561.5,,,7.686,44561.6
2022-03-27 10:30:37.306574,0.0039999999999995595,2022-03-27 10:30:38.322824,5.029,44561.5,,,7.686,44561.6
2022-03-27 10:30:37.339511,,,5.029,44561.5,,,7.686,44561.6
2022-03-27 10:30:37.372653,,,5.029,44561.5,0.5999999999999996,2022-03-27 10:30:39.326786,8.286,44561.6
2022-03-27 10:30:37.406034,0.001000000000000334,2022-03-27 10:30:38.322824,5.03,44561.5,,,8.286,44561.6
2022-03-27 10:30:37.438840,,,5.03,44561.5,,,8.286,44561.6
2022-03-27 10:30:37.471884,,,5.03,44561.5,0.0600000000000005,2022-03-27 10:30:39.326786,8.346,44561.6
2022-03-27 10:30:37.503646,0.004999999999999893,2022-03-27 10:30:38.322824,5.035,44561.5,,,8.286,44561.6
2022-03-27 10:30:37.536642,0.016000000000000014,2022-03-27 10:30:38.322824,5.051,44561.5,,,8.286,44561.6
2022-03-27 10:30:37.568741,,,5.051,44561.5,0.6600000000000001,2022-03-27 10:30:39.326786,8.946,44561.6
2022-03-27 10:30:37.601776,,,5.051,44561.5,,,8.946,44561.6
2022-03-27 10:30:37.634524,,,5.051,44561.5,,,8.946,44561.6
2022-03-27 10:30:37.668549,0.0899999999999994,2022-03-27 10:30:38.322824,5.129,44561.5,,,8.946,44561.6
2022-03-27 10:30:37.711050,,,5.129,44561.5,,,8.946,44561.6
2022-03-27 10:30:37.742836,,,3.979,44561.5,2.0519999999999996,2022-03-27 10:30:39.863591,10.998,44561.6
2022-03-27 10:30:37.778689,0.8899999999999997,2022-03-27 10:30:39.157017,4.869,44561.5,,,9.915,44561.6
2022-03-27 10:30:37.811834,,,3.579,44561.5,1.2750000000000004,2022-03-27 10:30:41.844582,11.19,44561.6
2022-03-27 10:30:37.848832,1.1,2022-03-27 10:30:39.157017,4.679,44561.5,,,9.915,44561.6
2022-03-27 10:30:37.879977,,,3.579,44561.5,,,9.911,44561.6
2022-03-27 10:30:37.912551,,,3.579,44561.5,1.2140000000000004,2022-03-27 10:30:41.844582,11.125,44561.6
2022-03-27 10:30:37.944877,,,3.579,44561.5,,,11.125,44561.6
2022-03-27 10:30:37.983087,,,3.579,44561.5,,,11.095,44561.6
2022-03-27 10:30:38.015030,1.0599999999999996,2022-03-27 10:30:39.157017,4.638,44561.5,,,9.851,44561.6
2022-03-27 10:30:38.047590,,,3.578,44561.5,1.1529999999999987,2022-03-27 10:30:41.844582,11.004,44561.6
2022-03-27 10:30:38.080726,0.001000000000000334,2022-03-27 10:30:39.157017,3.579,44561.5,,,11.004,44561.6
2022-03-27 10:30:38.121176,,,3.579,44561.5,,,9.911,44561.6
2022-03-27 10:30:38.153620,0.41100000000000003,2022-03-27 10:30:39.157017,3.99,44561.5,1.133000000000001,2022-03-27 10:30:41.844582,11.044,44561.6
2022-03-27 10:30:38.185717,1.12,2022-03-27 10:30:39.157017,5.11,44561.5,,,9.911,44561.6
2022-03-27 10:30:38.222551,,,5.11,44561.5,,,9.911,44561.6
2022-03-27 10:30:38.254974,,,5.11,44561.5,,,9.911,44561.6
2022-03-27 10:30:38.290933,,,5.11,44561.5,0.5449999999999999,2022-03-27 10:30:41.844582,10.456,44561.6
2022-03-27 10:30:38.322824,,,3.489,44561.5,0.00600000000000038,2022-03-27 10:30:41.844582,10.388,44561.6
2022-03-27 10:30:38.355266,,,3.489,44561.5,1.2360000000000009,2022-03-27 10:30:41.844582,11.582,44561.6
2022-03-27 10:30:38.386701,0.4000000000000002,2022-03-27 10:30:39.157017,3.838,44561.5,,,10.997,44561.6
2022-03-27 10:30:38.419903,,,3.838,44561.5,,,10.981,44561.6
2022-03-27 10:30:38.451637,,,3.726,44561.5,0.593,2022-03-27 10:30:41.844582,11.574,44561.6
2022-03-27 10:30:38.484791,0.06000000000000005,2022-03-27 10:30:39.157017,3.786,44561.5,,,11.574,44561.6
2022-03-27 10:30:38.521764,,,3.786,44561.5,,,11.574,44561.6
2022-03-27 10:30:38.559450,,,3.786,44561.5,,,11.574,44561.6
2022-03-27 10:30:38.594835,,,3.786,44561.5,,,11.574,44561.6
2022-03-27 10:30:38.626729,0.08999999999999986,2022-03-27 10:30:39.157017,3.876,44561.5,0.10200000000000031,2022-03-27 10:30:41.844582,11.676,44561.6
2022-03-27 10:30:38.659033,,,3.701,44561.5,,,10.468,44561.6
2022-03-27 10:30:38.692353,1.2099999999999995,2022-03-27 10:30:39.157017,4.911,44561.5,,,10.465,44561.6
2022-03-27 10:30:38.724767,,,3.701,44561.5,0.002000000000000668,2022-03-27 10:30:41.844582,10.467,44561.6
2022-03-27 10:30:38.758161,1.19,2022-03-27 10:30:39.157017,4.891,44561.5,,,10.467,44561.6
2022-03-27 10:30:38.789542,,,4.891,44561.5,,,9.922,44561.6
2022-03-27 10:30:38.823852,,,3.701,44561.5,1.1229999999999993,2022-03-27 10:30:41.844582,11.045,44561.6
2022-03-27 10:30:38.857513,1.0900000000000003,2022-03-27 10:30:40.683728,4.791,44561.5,,,9.922,44561.6
2022-03-27 10:30:38.891926,,,3.701,44561.5,1.1529999999999987,2022-03-27 10:30:41.844582,11.075,44561.6
2022-03-27 10:30:38.923616,,,3.701,44561.5,,,11.075,44561.6
2022-03-27 10:30:38.957451,,,3.701,44561.5,,,11.075,44561.6
2022-03-27 10:30:38.989459,,,3.701,44561.5,,,11.075,44561.6
2022-03-27 10:30:39.023316,,,3.701,44561.5,,,11.075,44561.6
2022-03-27 10:30:39.055621,,,3.701,44561.5,,,11.075,44561.6
2022-03-27 10:30:39.089877,,,3.701,44561.5,,,11.075,44561.6
2022-03-27 10:30:39.121795,,,0.968,44561.5,0.43599999999999994,2022-03-27 10:30:41.844582,11.511,44561.6
2022-03-27 10:30:39.157017,,,0.343,44561.5,,,11.511,44561.6
2022-03-27 10:30:39.189806,0.12699999999999997,2022-03-27 10:30:39.360390,0.366,44561.5,,,11.017,44561.6
2022-03-27 10:30:39.224823,1.2000000000000002,2022-03-27 10:30:40.683728,1.566,44561.5,0.0010000000000012221,2022-03-27 10:30:41.844582,11.018,44561.6
2022-03-27 10:30:39.256834,,,1.566,44561.5,,,10.008,44561.6
2022-03-27 10:30:39.292569,0.07099999999999995,2022-03-27 10:30:40.683728,1.637,44561.5,,,10.008,44561.6
2022-03-27 10:30:39.326786,,,1.557,44561.5,9.948639134726989e-16,2022-03-27 10:30:41.844582,10.003,44561.6
2022-03-27 10:30:39.360390,0.3410000000000001,2022-03-27 10:30:40.683728,0.814,44561.5,,,10.003,44561.6
2022-03-27 10:30:39.394602,,,0.814,44561.5,,,10.003,44561.6
2022-03-27 10:30:39.428138,,,0.4,44561.5,,,10.003,44561.6
2022-03-27 10:30:39.460552,,,0.4,44561.5,,,10.001,44561.6
2022-03-27 10:30:39.492466,0.0010000000000000009,2022-03-27 10:30:40.683728,0.401,44561.5,,,10.001,44561.6
2022-03-27 10:30:39.529516,0.15100000000000002,2022-03-27 10:30:40.683728,0.552,44561.5,,,9.353,44561.6
2022-03-27 10:30:39.564598,,,0.552,44561.5,0.024000000000000327,2022-03-27 10:30:41.844582,9.346,44561.6
2022-03-27 10:30:39.596776,,,0.552,44561.5,1.0099999999999998,2022-03-27 10:30:41.844582,10.356,44561.6
2022-03-27 10:30:39.629451,,,0.552,44561.5,,,10.356,44561.6
2022-03-27 10:30:39.662484,,,0.552,44561.5,1.2230000000000008,2022-03-27 10:30:41.844582,11.579,44561.6
2022-03-27 10:30:39.694506,,,0.552,44561.5,,,11.579,44561.6
2022-03-27 10:30:39.727581,,,0.552,44561.5,,,11.579,44561.6
2022-03-27 10:30:39.761584,,,0.552,44561.5,0.0019999999999988916,2022-03-27 10:30:41.844582,11.581,44561.6
2022-03-27 10:30:39.796607,,,0.552,44561.5,,,11.581,44561.6
2022-03-27 10:30:39.829751,0.774,2022-03-27 10:30:41.055742,1.326,44561.5,,,11.581,44561.6
2022-03-27 10:30:39.863591,,,1.326,44561.5,,,10.148,44561.6
2022-03-27 10:30:39.897028,,,1.326,44561.5,1.1920000000000006,2022-03-27 10:30:41.844582,11.336,44561.6
2022-03-27 10:30:39.928600,,,1.326,44561.5,,,11.33,44561.6
2022-03-27 10:30:39.962495,,,1.326,44561.5,,,11.271,44561.6
2022-03-27 10:30:39.995156,0.06199999999999983,2022-03-27 10:30:41.055742,1.388,44561.5,0.06199999999999939,2022-03-27 10:30:41.844582,11.333,44561.6
2022-03-27 10:30:40.028692,,,1.388,44561.5,,,11.271,44561.6
2022-03-27 10:30:40.063437,,,1.388,44561.5,0.06199999999999939,2022-03-27 10:30:41.844582,11.333,44561.6
2022-03-27 10:30:40.094592,,,1.388,44561.5,,,11.333,44561.6
2022-03-27 10:30:40.138784,,,1.388,44561.5,,,11.333,44561.6
2022-03-27 10:30:40.174671,,,1.388,44561.5,,,11.333,44561.6
2022-03-27 10:30:40.206635,0.02300000000000013,2022-03-27 10:30:41.055742,1.411,44561.5,,,11.271,44561.6
2022-03-27 10:30:40.239780,,,1.411,44561.5,,,10.141,44561.6
2022-03-27 10:30:40.271542,,,1.411,44561.5,1.4909999999999997,2022-03-27 10:30:41.844582,11.632,44561.6
2022-03-27 10:30:40.305418,,,0.949,44561.5,,,11.632,44561.6
2022-03-27 10:30:40.337600,,,0.949,44561.5,,,11.632,44561.6
2022-03-27 10:30:40.370047,,,0.949,44561.5,,,11.632,44561.6
2022-03-27 10:30:40.404678,,,0.949,44561.5,,,11.632,44561.6
2022-03-27 10:30:40.435529,,,0.949,44561.5,,,11.632,44561.6
2022-03-27 10:30:40.468382,,,0.949,44561.5,,,11.632,44561.6
2022-03-27 10:30:40.504434,,,0.949,44561.5,,,11.632,44561.6
2022-03-27 10:30:40.538460,,,0.949,44561.5,0.002000000000000668,2022-03-27 10:30:41.844582,11.634,44561.6
2022-03-27 10:30:40.571890,,,0.949,44561.5,,,11.634,44561.6
2022-03-27 10:30:40.609639,,,0.949,44561.5,,,11.634,44561.6
2022-03-27 10:30:40.647506,0.576,2022-03-27 10:30:41.055742,1.525,44561.5,,,11.234,44561.6
2022-03-27 10:30:40.683728,,,0.706,44561.5,0.04100000000000037,2022-03-27 10:30:41.844582,11.275,44561.6
2022-03-27 10:30:40.717364,,,0.306,44561.5,,,11.275,44561.6
2022-03-27 10:30:40.751233,,,0.306,44561.5,,,11.275,44561.6
2022-03-27 10:30:40.784455,,,0.306,44561.5,,,10.263,44561.6
2022-03-27 10:30:40.820416,,,0.306,44561.5,,,10.263,44561.6
2022-03-27 10:30:40.854696,,,0.306,44561.5,,,10.263,44561.6
2022-03-27 10:30:40.887130,,,0.306,44561.5,,,10.263,44561.6
2022-03-27 10:30:40.922214,,,0.306,44561.5,,,10.263,44561.6
2022-03-27 10:30:40.953922,,,0.306,44561.5,,,10.263,44561.6
2022-03-27 10:30:40.986216,,,0.306,44561.5,,,10.263,44561.6
2022-03-27 10:30:41.018477,,,0.306,44561.5,,,10.263,44561.6
2022-03-27 10:30:41.055742,15.356999999999998,2022-03-27 10:30:41.185323,0.003,44556.5,,,0.4,44558.4
2022-03-27 10:30:41.088536,0.257,2022-03-27 10:30:41.185323,0.002,44556.9,0.19999999999999996,2022-03-27 10:30:41.844582,0.6,44557.1
2022-03-27 10:30:41.119648,0.661,2022-03-27 10:30:43.631597,0.663,44556.8,,,0.16,44556.9
2022-03-27 10:30:41.152891,,,0.051,44556.8,9.674,2022-03-27 10:30:41.844582,9.834,44556.9
2022-03-27 10:30:41.185323,,,0.002,44556.6,4.984,2022-03-27 10:30:41.844582,14.818,44556.9
2022-03-27 10:30:41.217235,0.181,2022-03-27 10:30:41.513798,0.183,44556.1,,,0.16,44556.2
2022-03-27 10:30:41.250509,,,0.183,44556.1,21.076,2022-03-27 10:30:41.909471,21.236,44556.2
2022-03-27 10:30:41.282915,,,0.183,44556.1,2.8900000000000006,2022-03-27 10:30:42.402446,24.126,44556.2
2022-03-27 10:30:41.316123,,,0.183,44556.1,0.2839999999999989,2022-03-27 10:30:42.402446,24.41,44556.2
2022-03-27 10:30:41.351531,,,0.003,44556.1,0.3999999999999986,2022-03-27 10:30:42.402446,24.81,44556.2
2022-03-27 10:30:41.383512,,,0.003,44556.1,0.10200000000000031,2022-03-27 10:30:42.402446,24.912,44556.2
2022-03-27 10:30:41.415949,,,0.003,44556.1,,,24.912,44556.2
2022-03-27 10:30:41.448492,,,0.003,44556.1,,,24.912,44556.2
2022-03-27 10:30:41.480541,,,0.003,44556.1,,,24.912,44556.2
